1842 2909
86 131 184 173 nme.
249 125 363 178 Lnlx,
373 126 573 178 duumuir.
701 134 748 182 m

86 257 355 320 daciamimpellentdnm
388 257 526 321 QAppinm
537 258 648 318 Silanum,
663 257 750 322 Hispa·
851 279 855 286 ·

87 325 134 372 nite
145 331 261 378 rectorem,
278 325 306 371 iis
317 325 401 371 artibus
412 321 586 371 cimumvcndre.
617 323 640 371 A
651 325 752 388 principe

85 390 179 442 accitur,
194 389 217 435 in
229 388 316 436 Urbem
327 389 436 445 redierat;
454 387 590 450 acceptique
599 390 624 435 in
634 391 751 437 matrimo-

86 454 151 500 nium
171 460 242 500 matre
261 452 400 508 Messalinae,
417 467 506 499 summa
523 461 572 500 erat
588 455 715 515 adepturus,
732 455 752 501 si

86 518 131 580 ipsi
143 517 216 564 minus
226 517 323 573 virtutis,
335 516 469 565 Messalina
479 518 553 564 minuo
560 518 656 566 libidinis
662 518 751 566 fixisset.

87 581 124 629 At
145 597 200 638 eant,
222 597 252 629 ne
270 583 366 630 materni
384 582 474 643 quidem
492 582 583 629 thalami
603 590 751 639 reverentem,

86 653 210 701 aversatus,
227 647 354 710 despectam
371 647 498 709 cupidinem
514 647 539 694 in
549 647 626 694 odium
636 655 700 695 tanto
709 649 753 694 im·

86 711 224 774 placabilius,
235 718 319 772 quanto
330 712 423 773 turpius,
435 712 509 758 vertit.
537 709 598 760 Cum
610 719 686 759 tamen
696 711 753 760 nihil

86 784 150 824 esset
167 777 272 831 criminis,
289 777 349 837 quod
365 775 505 838 objiceretur,
521 777 629 824 adverrur
644 792 697 824 eum
713 792 754 838 per

87 849 217 888 commenta
234 842 330 902 gmaseri
348 848 510 888 consenserunt
521 840 646 888 Messalina
657 848 681 888 et
691 841 753 888 Nai-

87 905 179 962 cissus3
195 907 322 966 divisasque
332 906 390 952 inter
400 921 425 952 se
435 912 511 967 partes
521 906 552 952 itu
562 914 616 953 sunt
626 907 735 953 exsecuti.
807 930 813 944 ι

126 969 264 1030 [Narcissus
288 969 366 1017 cimilia
386 971 490 1026 attonito,
516 968 605 1018 OErudti
627 971 753 1018 cubiculum

88 1042 145 1082 ante
154 1035 227 1082 lucem
238 1035 324 1096 irrupit,
337 1034 450 1082 affirmans
467 1032 592 1082 samnidsse
601 1051 627 1081 se
636 1036 683 1082 vim
693 1036 755 1097 prin·

89 1100 136 1160 cipi
151 1100 179 1145 ab
189 1098 264 1161 Appio
281 1100 372 1148 illatum.
405 1098 573 1154 Messalinam
585 1100 753 1146 admirationem

87 1164 193 1218 formata,
210 1165 251 1210 sibi
267 1179 356 1224 quoque
373 1164 475 1211 eamdem
494 1166 591 1225 speciem
608 1165 694 1225 aliquot
704 1165 754 1226 J'am

88 1229 194 1280 noctibus
205 1229 316 1276 obversari
328 1227 410 1276 retulit.
425 1275 430 1285 ,
443 1228 495 1276 Nec
505 1229 578 1276 multo
587 1237 640 1291 post
650 1244 679 1276 ex
690 1244 754 1276 com·

88 1293 166 1356 ponito
183 1294 304 1355 irrumpere
321 1292 409 1355 Appius
426 1295 547 1350 nuntietur,
564 1295 601 1341 cui
611 1295 682 1356 pridie
692 1294 721 1340 ad
731 1292 755 1340 id

88 1359 199 1420 temporis
209 1366 234 1404 ut
245 1359 333 1405 adesset
343 1365 479 1420 praeceptum
490 1366 551 1406 erat:
565 1360 629 1420 quasi
640 1359 707 1421 plane
718 1373 754 1406 rc·

87 1431 239 1486 presentetur
255 1422 336 1470 somnii
353 1421 416 1477 fides,
431 1425 513 1474 arcessi
527 1425 602 1474 rtatim
613 1440 639 1472 uc
650 1423 754 1484 moriju·

88 1489 163 1534 betur.
196 1487 292 1535 Postero
302 1488 338 1534 die
350 1485 464 1544 Claudius,
480 1488 570 1544 fraudis,
589 1490 671 1536 nedum
682 1488 754 1535 scele-

89 1567 240 1669 attilii
254 1551 756 1680 imilititt‘tffidd

89 1683 161 1729 etiem
172 1681 285 1729 dormiens
296 1683 421 1730 excubaret.

128 1745 198 1807 [Tum
217 1762 296 1794 omnes
314 1747 441 1810 indignari:
459 1748 589 1810 principem,
606 1746 757 1795 imbecillitate

89 1811 212 1866 crudelem,
223 1811 350 1860 formidare.
374 1811 491 1868 Procerus,
502 1815 582 1873 quibus
590 1813 643 1874 plus
653 1812 757 1858 imminet

90 1876 191 1939 periculi,
209 1883 232 1923 et
239 1877 335 1939 majores
346 1885 399 1924 sunt
409 1892 468 1940 spes,
485 1893 556 1925 novas
567 1893 603 1924 res
613 1876 756 1926 meditantur.

89 1941 184 1988 Annius
201 1940 339 1996 Vinicianus,
357 1942 435 1988 harum
447 1949 561 2004 appetens,
579 1943 625 1997 sed,
637 1941 698 2002 quod
716 1939 756 1986 de·

90 2013 157 2052 erant
180 2006 268 2061 milites,
284 2006 401 2054 movendis
422 2007 500 2068 impar,
518 2005 612 2054 Furium
635 2003 757 2054 Camillum

66 2124 68 2128 ¹
91 2070 273 2126 Scribonianum,
295 2069 418 2118 Dalmatiae
436 2071 544 2134 legatum,
561 2071 590 2118 ad
608 2070 774 2117 desectionem,

90 2135 163 2182 literis
180 2135 297 2184 sollicitat:
317 2151 344 2182 eo
361 2135 448 2184 lucilius
458 2137 486 2182 ad
497 2137 590 2184 consilia
604 2137 680 2189 traxit,
696 2131 758 2194 quod

89 2199 180 2261 imperii
192 2200 270 2248 aridus
281 2208 347 2256 esset,
363 2216 406 2248 nec
425 2201 530 2263 indiguus
544 2201 668 2252 haberetur,
684 2198 757 2260 legio·

91 2279 180 2330 tresque
195 2280 247 2312 cum
264 2265 341 2314 multis
357 2265 447 2312 auxiliis
460 2272 610 2327 suppeterent.
644 2264 759 2312 Pcrmotae

91 2329 158 2376 ducis
169 2330 309 2384 auctoritate,
325 2331 431 2377 novitatis
449 2329 562 2385 illecebri,
578 2335 667 2376 mutant
683 2342 758 2374 mera·

91 2401 203 2440 mentum.
222 2395 341 2442 Senatores
351 2395 440 2456 plurimi
451 2403 475 2444 et
482 2395 575 2456 equites,
586 2393 676 2441 easdem
683 2398 759 2454 purte·

91 2459 174 2513 secuti,
192 2457 330 2510 Dalmatiam
340 2465 427 2522 petunt.

129 2523 305 2584 [Scribonianus.
322 2524 454 2586 adspirantis
472 2522 569 2572 sortunae
587 2522 657 2571 initiis
673 2519 759 2570 elutior,

90 2593 202 2647 ratumne
218 2587 318 2636 umidam
329 2586 422 2647 ¹Claudii
438 2595 537 2636 mentem
553 2588 610 2634 citra
619 2585 702 2634 bellum
712 2589 759 2637 ter·

92 2651 139 2701 reri
155 2667 228 2713 posse,
244 2667 297 2702 cum
308 2651 471 2702 contumeliosa
481 2651 607 2712 minacique
617 2644 712 2712 epistolt
722 2658 760 2690 ce·

128 2729 181 2762 ron.
192 2730 210 2764 1.
533 2720 573 2764 Ἡ
