1842 2909
147 119 201 174 192¹
241 121 433 173 ANNALIUM
449 123 658 174 travecti-,n
689 127 812 174 ult-tui·

145 255 332 310 commemoratis,
343 269 373 302 ne
382 255 450 302 verba
460 269 530 316 prave
540 255 633 310 detorta,
645 269 689 301 neu
701 253 812 300 conviva-

144 317 201 365 lium
210 317 335 366 t’abuluum
345 319 476 382 simplicius
487 319 510 365 in
521 320 605 365 crimen
617 321 742 372 duceretur,
754 333 809 378 pos-

145 382 233 429 tulavit.

177 443 222 493 Vl.
238 444 334 509 Insigne
347 449 422 496 risum
437 455 473 495 est
488 463 564 498 earum
581 447 679 498 cesaris
692 447 809 493 literanmr
833 437 837 444 ’

144 510 242 558 initium:
257 527 308 558 nam
320 514 356 560 lris
364 514 437 560 verbis
448 527 541 560 exorsus
552 520 599 560 est:
619 520 633 542 ‘⁴
642 511 706 566 Quid
713 511 808 557 scribam

143 575 217 633 vobis,
229 575 257 623 P.
268 575 296 626 C.
307 585 346 624 ant
356 577 469 638 quomodo
482 578 582 633 scribam,
601 585 639 624 aut
650 577 704 637 quid
715 574 808 621 omnino

145 654 192 686 non
210 641 305 688 scribam
323 643 367 688 boc
384 650 492 703 tempore,
513 641 554 688 Dii
570 657 606 688 ms
622 641 729 701 Deaeque
743 641 807 700 pejus

143 704 245 765 perdant,
261 721 327 766 quam
343 707 416 768 perire
430 722 468 752 me
487 707 586 766 quotidie
600 706 680 759 sentio,
697 705 716 751 si
733 701 805 750 seio.”

67 807 72 820 ,
145 768 211 815 Adeo
221 769 320 816 facinora
330 779 398 830 atque
407 769 494 832 flagitia
505 785 545 816 sua
559 772 600 834 ipsi
611 785 700 831 quoque
717 769 740 814 iu
752 783 805 828 aup-

143 833 234 894 plicium
252 841 371 882 verterant.
403 834 485 896 Neque
505 833 588 882 frustra
608 833 807 898 praestantissimus

143 897 258 959 sapientiae
269 897 357 945 firmare
367 899 447 946 solitus
457 906 499 954 est,
513 900 531 945 si
543 899 685 946 recludantur
695 905 805 962 tyranno

142 976 192 1008 rum
204 971 299 1021 mentes,
309 979 376 1025 posse
385 963 469 1025 adspici
479 964 575 1012 lnuictus
585 971 608 1011 et
618 966 691 1019 ictus3
709 961 806 1022 qusnd⁰r

144 1032 170 1072 ut
180 1042 274 1089 corpora
284 1028 417 1082 verberibus,
428 1029 459 1074 ita
471 1028 564 1083 saeritii.
572 1029 668 1083 libidine,
677 1026 805 1074 melisens-

144 1091 215 1146 sultis,
223 1094 311 1138 animus
321 1093 467 1139 dilaceretur:
487 1093 568 1155 quippe
579 1092 693 1139 Tiberium
705 1105 750 1136 nou
759 1089 806 1136 lor·

143 1162 205 1210 tuns,
227 1171 273 1203 non
295 1157 426 1204 solitudines
445 1159 598 1218 protegebant,
620 1157 675 1217 quin
692 1161 806 1202 tormenta

143 1221 240 1280 pectoris
251 1235 346 1281 suamne
355 1222 403 1282 ipse
412 1236 492 1284 poeuas
502 1220 615 1268 fateretur.

176 1280 234 1330 VII.
251 1283 321 1340 Tum,
337 1283 398 1332 facti
412 1287 512 1348 patribus
527 1292 638 1348 potestate
653 1283 765 1330 statuendi
777 1283 805 1330 dc
831 1279 837 1286 '

144 1344 268 1396 ceciliano
284 1349 401 1407 Senatore,
417 1351 456 1411 qui
471 1350 567 1411 plurime
580 1350 697 1397 adversum
710 1345 805 1396 Cottum
905 1325 906 1378 i

143 1419 273 1474 promserit,
285 1413 397 1476 placitum,
409 1415 510 1461 eamdem
521 1429 611 1478 poenam
622 1413 723 1475 irrogari,
736 1426 804 1473 quam

142 1476 167 1522 in
173 1477 296 1524 Aruseium
302 1485 325 1524 et
335 1477 489 1540 Sanquirrinm¹
497 1488 637 1528 accusatores
645 1476 676 1524 L.
683 1477 802 1524 Arruntii:

143 1557 188 1602 quo
199 1556 245 1589 non
252 1543 311 1590 aliud
321 1542 504 1591 honorificentius
516 1542 591 1593 Cottae
603 1543 691 1590 evenit:
711 1542 750 1602 qui
761 1557 804 1586 no-

143 1605 194 1653 bilis
204 1608 303 1668 quidem,
320 1609 360 1655 sed
375 1623 445 1670 egens
455 1608 485 1656 ob
494 1607 580 1664 luxum,
598 1623 637 1670 per
648 1606 735 1668 flagitia
745 1604 804 1652 infa-

142 1672 193 1726 mis,
210 1673 354 1720 sanctissimis
368 1672 474 1719 Arruntii
489 1675 571 1720 artibus
586 1672 695 1734 dignitate
712 1671 805 1716 ultionis

142 1736 276 1796 aequabatur.
310 1737 411 1791 Quintus
423 1737 528 1785 Servaem
538 1738 638 1800 posthac,
650 1743 673 1782 et
685 1734 803 1782 Minucius

143 1797 256 1846 'lbermus
277 1803 378 1848 inductis
405 1802 517 1858 &wreus
539 1799 638 1864 prsetuni
658 1800 758 1853 lunens,
780 1805 804 1844 ⁶2
902 1837 903 1866 q

142 1864 254 1924 quondam
263 1865 392 1913 Germanici
400 1881 487 1913 eomes:
502 1867 625 1922 Minucius,
634 1865 731 1927 equestri
738 1864 803 1919 loeo;

141 1929 243 1976 modeste
263 1930 337 1978 babiti
357 1931 431 1994 Sejani
449 1931 561 1978 amicitiis
588 1931 647 1977 unde
668 1930 712 1976 illia
731 1930 803 1990 major

140 1995 261 2042 miseratio.
294 1993 381 2044 Contra
398 1994 510 2051 Tiberius,
527 1997 652 2058 praecipuos
671 1995 700 2040 ad
718 1993 803 2040 scelera
901 2023 902 2030 η

139 2058 264 2121 increpans,
275 2060 389 2108 admonuit
400 2058 428 2109 C.
436 2057 538 2108 Cestium
549 2073 642 2124 patrem,
653 2059 727 2106 dicere
738 2071 803 2106 sensn-

139 2123 180 2178 tui,
199 2125 304 2184 quesibi
320 2125 457 2187 scripsisset:
477 2126 617 2188 suscepitque
632 2122 725 2172 Cestius
735 2136 804 2168 aecn-

141 2186 267 2235 sationem:
286 2191 346 2251 quod
362 2191 460 2237 maxime
476 2190 586 2238 exitiabile
602 2185 673 2236 tulire
691 2188 731 2234 illa
743 2190 803 2233 tau·

139 2265 200 2312 pora,
216 2267 268 2298 cum
278 2256 387 2318 primores
398 2255 488 2302 senatis
502 2253 589 2301 inilrnss
601 2254 668 2300 etiam
679 2252 804 2299 delationes

138 2325 276 2370 exercerent,
287 2319 325 2364 alii
335 2319 455 2380 propriam,
466 2319 804 2382 mrdtiperooeultumsneque
841 2343 845 2348 -
899 2353 900 2362 ,

140 2376 276 2424 discerneres
292 2381 401 2430 alienosa
416 2385 550 2445 conjunctis,
566 2383 650 2430 amicos
666 2383 694 2428 ab
710 2380 802 2442 ignotis,
899 2381 900 2391 ¹

138 2439 193 2499 ‘lffid
211 2447 299 2501 repens,
318 2452 359 2491 ant
375 2454 488 2494 vetustate
506 2449 638 2494 obscurum:
659 2445 758 2507 perinde,
776 2444 802 2489 in

53 2555 56 2559 .
138 2503 196 2556 foro,
208 2504 230 2548 in
242 2507 352 2562 musivis.
370 2509 459 2571 quiqui
469 2512 497 2557 de
508 2527 533 2558 re
543 2512 618 2566 locuti,
635 2509 802 2562 incusabantur,
898 2505 899 2514 ¹

139 2571 165 2610 ut
180 2567 231 2626 quis
247 2572 372 2628 praevenire
382 2580 406 2618 et
417 2589 480 2621 reum
492 2576 604 2622 destinare
614 2580 734 2636 properstt
750 2585 803 2634 lim

138 2629 169 2706 ad
183 2630 304 2678 subsidium
321 2635 362 2690 sni,
381 2637 458 2697 plures
474 2638 550 2688 infecti
566 2639 629 2702 quasi
640 2637 769 2688 valetudine
780 2643 805 2682 et
897 2681 898 2694 2
