1842 2909
102 135 202 182 &tl-28·
254 137 445 188 ANNALIUM
461 137 567 188 12le.
580 139 687 190 Cardo.
720 145 789 193 165.

138 265 234 314 LXIX.
248 267 458 330 comitantum·
469 272 599 325 memoravi,
609 285 706 332 quonam
716 287 765 317 mo-

106 332 136 385 dn
155 349 182 380 ea
198 334 294 396 plurimu
312 335 389 382 auditu
407 335 573 396 acciperentur:
593 351 645 382 nam
666 337 723 391 loco,
743 338 767 384 in

104 412 173 458 quem
179 400 285 452 coibatur,
294 401 403 446 servanda
410 400 534 446 solitudinir
541 399 625 457 facien
643 409 672 456 et,
681 403 699 448 si
708 397 768 464 pone

105 461 166 523 fores
176 465 311 519 assisterent,
325 466 396 511 metui
406 466 475 519 visua,
487 466 581 520 sonitus,
593 474 632 512 aut
641 465 699 513 forte
710 474 769 513 orte

105 529 322 589 atupicinneserant.
343 529 440 576 Tectum
451 530 510 576 inter
520 543 543 576 et
553 530 664 590 laquearia
674 539 719 577 tres
731 545 767 578 se-

104 600 203 647 natores,
220 595 279 652 baud
289 596 363 641 minus
374 595 433 656 turpi
447 592 538 650 latebrb,
554 609 620 656 quam
637 593 768 643 detestanda

104 657 190 711 mede,
207 673 256 706 aeae
265 660 412 716 abstrudunt3
428 658 573 706 foraminibus
583 667 607 706 et
617 661 679 706 rimie
690 675 766 706 aurern

105 722 245 770 admovent:
271 722 360 771 Interea
381 723 479 770 latiaris
499 732 611 786 repertum
632 725 657 771 in
678 725 768 786 publicu

105 787 223 842 Sabinum,
235 789 297 835 velut
306 803 384 835 recens
393 789 486 850 cognita
495 796 630 844 narraturus,
642 789 733 836 domum
745 795 769 836 et

107 851 133 898 in
144 852 270 900 cubiculum
285 854 367 910 trabit3
382 851 538 914 praeteritaque
548 863 571 901 et
581 855 693 908 instantia,
710 869 767 915 quo·

79 927 83 932 ’
107 931 159 962 rum
170 917 252 964 affatim
264 920 332 980 copia,
349 933 376 965 ac
387 934 460 964 noune
475 920 689 971 terroreaeumulrt.
720 918 767 966 Ea·

108 981 161 1026 dan
171 981 210 1028 ille
219 990 243 1028 et
253 983 341 1036 diutius,
357 990 442 1043 quanto
452 990 541 1038 moesta,
558 983 594 1029 ubi
606 983 675 1029 semel
688 997 767 1044 proru-

107 1043 170 1108 pere,
181 1046 290 1093 difficilius
301 1049 428 1093 reticentur.
456 1047 578 1109 Properate
589 1047 640 1094 inde
651 1048 769 1103 accusatio,

108 1107 229 1170 missisque
237 1112 266 1157 ad
274 1109 389 1159 Caesarem
397 1112 472 1166 literis,
482 1112 582 1158 ordinem
589 1111 680 1168 fraudis,
692 1127 769 1159 auum-

108 1189 155 1235 que
167 1175 210 1236 ipai
221 1176 316 1222 dedecus
326 1173 451 1223 transuere.
484 1176 540 1223 Non
554 1176 609 1222 aliar
619 1177 693 1238 magis
704 1177 769 1224 anxia

108 1246 233 1302 etpavena
247 1241 331 1296 civitas,
348 1242 551 1303 egenaadversum
566 1241 695 1304 proximent
715 1257 770 1287 con·

107 1319 208 1366 W
231 1306 346 1366 colloquia,
354 1344 359 1350 .
368 1314 430 1352 nete
447 1307 578 1368 ignotaque
594 1321 665 1361 aurea,
687 1306 767 1353 vitari:
789 1359 790 1362 Ἰ

108 1369 180 1421 etiam
196 1377 259 1417 muta
273 1379 341 1432 atque
354 1372 459 1426 inanima,
475 1380 559 1418 tectum
575 1377 599 1418 et
614 1372 710 1434 parietes
726 1371 770 1418 cir·

106 1433 324 1494 cumspecnbantur.

143 1497 225 1544 LXX.
241 1500 287 1546 Sed
297 1499 382 1556 Cesar,
393 1502 502 1548 sollennia
513 1502 638 1564 incipientis
649 1502 709 1556 anni,
718 1501 772 1548 Kal.

109 1559 232 1618 Januariis,
246 1565 341 1626 epistmb
350 1574 459 1627 precatus,
477 1567 545 1614 vertit
555 1568 578 1613 in
590 1567 704 1621 Sabinum,
721 1581 771 1612 cor·

109 1634 190 1690 ruptos
200 1632 307 1689 quosdam
317 1631 453 1690 libertorum,
469 1638 493 1678 et
504 1631 598 1692 petitum
610 1646 641 1684 se,
657 1643 772 1692 arguena3

111 1692 265 1755 ultionemque
274 1695 334 1743 baud
343 1697 437 1742 obscure
448 1697 564 1757 poscebat:
584 1711 626 1742 nec
637 1711 706 1749 mura,
718 1695 772 1757 quin

110 1757 283 1817 decerneretur
306 1766 330 1806 et
350 1761 477 1807 trahebatur
499 1760 630 1808 damnatius:
655 1767 773 1820 quantum,

111 1823 209 1870 obducti
216 1832 282 1870 reste
290 1831 316 1871 et
325 1825 436 1871 adstrictis
445 1824 552 1878 faucibus,
568 1826 608 1872 niti
622 1831 715 1886 poterat,
727 1823 774 1870 cla·

111 1889 202 1943 mitens,
219 1890 251 1935 sic
261 1890 360 1935 inchoari
370 1905 461 1943 annum,
478 1892 518 1936 bar
530 1891 612 1952 Sejano
623 1889 725 1936 victimas
736 1903 774 1935 ca·

112 1952 173 2000 dere·
206 1953 260 2014 on
270 1955 403 2001 intendisset
412 1955 496 2009 anulos,
509 1969 554 2016 que
564 1955 632 2001 rerba
642 1953 776 2007 acciderent,

110 2017 174 2078 fuga,
185 2019 293 2065 vastitasi
313 2019 383 2066 deseri
392 2019 478 2074 itinera,
486 2019 549 2065 iura:
569 2027 593 2065 et
600 2019 690 2080 quidam
697 2031 774 2080 regre-

111 2083 236 2139 diebantur,
255 2084 439 2144 ostentabantque
455 2100 481 2129 se
494 2099 590 2136 rursum,
608 2083 719 2144 idipsum
735 2097 776 2144 pa·

109 2157 199 2202 ventes,
215 2150 276 2208 quod
285 2149 419 2195 timuissent.
451 2148 526 2202 Quem
537 2150 597 2194 enim
609 2148 668 2194 diem
679 2161 776 2194 vacuum

110 2211 188 2274 poend,
206 2214 243 2259 ubi
257 2214 316 2260 inter
330 2226 393 2260 anem
408 2221 507 2267 et.vnta,
526 2227 571 2273 quo
580 2219 688 2274 tempore
702 2213 776 2260 verbir

112 2279 182 2324 etiam
192 2277 292 2340 profanis
302 2277 406 2324 abstineri
417 2293 468 2324 moa
476 2285 556 2331 esset,-
567 2277 641 2324 uincla
651 2284 674 2326 et
685 2277 777 2340 iaqueus

112 2342 266 2396 inducantur?
277 2358 324 2390 nnn
329 2343 492 2404 imprudentem
498 2341 614 2393 Tiberium
625 2349 710 2388 tantam
718 2343 777 2388 inri-

114 2406 175 2452 diam
186 2407 281 2454 adiisse:
301 2409 420 2468 quaeaitnm
431 2408 613 2468 meditatumque,
630 2405 659 2453 ne'
670 2406 722 2467 quid
733 2407 778 2451 im·

38 2517 43 2536 ,
113 2471 191 2534 pedire
206 2472 316 2528 cretam,
334 2488 379 2534 qno
395 2473 470 2520 nrinus
489 2473 543 2520 novi
561 2472 711 2534 magistratus,
733 2485 779 2530 quo

114 2536 184 2584 niodo
195 2537 286 2583 delubra
292 2546 320 2583 ¹et
326 2537 410 2592 duria,
421 2539 453 2584 sic
465 2551 575 2586 carcerem
588 2535 710 2582 recludant.
736 2535 779 2580 Se·

115 2606 178 2648 cntae
187 2602 279 2664 inauper
293 2601 371 2658 literae,
381 2610 465 2664 ,grates
478 2603 573 2664 agentis,
590 2601 650 2661 quod
666 2599 780 2645 bominem
835 2615 848 2656 ,-

114 2664 232 2729 inspuunt
247 2667 346 2731 reipubl.
369 2667 526 2732 punivisaeutt
551 2667 645 2730 adjectu,
672 2659 781 2726 trepidam
