1842 2909
165 68 199 111 ³4
262 60 453 111 ANNALiUM
471 62 554 111 LmL
570 61 629 111 Car.
641 67 680 111 61.
714 64 826 111 merus.

166 193 206 241 rie
217 204 243 239 ac
250 192 363 246 libertatis,
379 206 445 253 quarn
462 193 586 254 Segesten,
598 191 718 254 flagitiosas
729 193 826 239 servitu·

165 258 195 305 tis
205 257 292 311 ducem,
304 264 456 317 sequerentur.

198 319 361 369 LX.··Conciti
378 334 419 383 per
437 323 486 369 base
503 337 549 369 non
566 321 634 368 modo
651 320 771 374 Cherusci,
788 322 839 367 sed‘

166 386 312 436 sontenninae
322 394 415 449 gentes:
435 394 562 448 tractusque
571 388 595 437 in
606 394 680 447 partes
691 385 826 448 Inguiome-

164 466 209 506 rus,
222 451 320 499 Arminii
330 458 428 513 patruus,
447 453 517 498 veteri
528 452 587 513 apud
600 451 718 498 Romanos
729 450 827 497 auctori-

166 522 225 563 tate:
245 516 305 563 unde
315 518 386 579 major
397 515 483 564 Caesari
493 525 581 563 metus:
593 525 623 571 et,
634 532 664 563 ne
673 516 758 563 bellum
767 515 829 561 mole

165 578 212 629 ant
227 582 349 642 ingrueret,
368 580 490 634 Caecinam,
507 596 559 627 cum
570 582 715 642 qradraginta
726 581 828 627 cohorti·

164 647 207 693 bus
226 644 344 699 Romanis,
360 646 502 693 distrahendo
517 647 584 702 bosti,
601 659 641 707 per
651 644 783 699 Bructeros,
800 644 829 691 nl
906 695 907 700 ¹

165 710 250 758 flumen
262 709 372 757 Amisiam
383 712 465 757 mittit:
484 708 581 771 eq'uitem
593 709 655 757 Pedo
665 710 789 771 praeleotus
799 708 827 754 ii·
906 707 907 760 ἦ

166 777 232 823 nibus
251 774 374 821 Frisiorum
385 775 460 821 dison:
479 776 527 837 ipse
540 776 654 837 impositas
664 775 758 821 navibus
768 788 826 835 qun·

166 848 219 887 tuor
230 840 330 901 legiones
341 840 449 901 periacus
460 841 536 895 rexit3
549 840 658 899 simulque
665 840 739 900 pedes,
749 851 827 900 eques,
906 847 907 856 ¹

166 905 250 957 classis,
262 904 320 965 apud
328 904 458 965 praedictum
469 915 557 951 amnem
569 901 703 951 convenere.
730 902 827 955 cisun,

84 1002 89 1007 -
166 984 217 1016 eum
236 969 320 1015 auxilia
339 969 503 1030 pollicerentur,
524 969 548 1013 io
570 968 724 1015 commilitium
747 968 827 1014 adsciti
906 989 907 992 ¹

165 1041 226 1083 sunt.
257 1032 379 1080 Bructeros
390 1048 430 1079 sua
441 1040 530 1079 urentes
540 1031 643 1094 expediti
652 1037 703 1079 cum
715 1043 784 1079 manu
797 1031 827 1077 1,

166 1098 293 1153 Stertinius,
308 1099 378 1143 missu
391 1098 527 1151 Germanici,
536 1096 594 1143 fudit
601 1115 609 1153 ;
626 1098 729 1157 interque
738 1098 826 1143 caedem

165 1172 189 1213 et
204 1164 302 1225 praedam
319 1163 399 1222 reperit
417 1162 589 1209 undeneeimae
607 1162 703 1222 legionis
720 1158 827 1221 aquilam,

164 1242 216 1275 curn
228 1226 291 1272 Varo
301 1227 412 1272 amissam.
445 1224 548 1273 Duorum
566 1226 619 1271 inde
634 1240 716 1287 agmen
732 1226 760 1272 ad
772 1226 827 1273 ulti·

161 1307 214 1339 roos
231 1290 407 1346 Bructerorum
423 1299 574 1352 quantumque
590 1291 701 1337 Amisiam
720 1298 744 1337 et
761 1290 827 1353 Lup-

164 1358 224 1419 piam
235 1370 312 1402 amnes
328 1355 393 1409 inter,
405 1363 522 1409 vastatum,
534 1355 593 1402 band
607 1356 686 1416 pmcul
695 1353 827 1402 Teutonus
886 1379 889 1384 v

164 1420 239 1484 giensi
250 1419 313 1475 saltu,
324 1420 347 1465 in
359 1434 403 1479 quo
414 1420 513 1481 reliquia
524 1419 580 1466 Vari
590 1420 749 1482 legionumque
763 1421 828 1467 insa,

164 1486 233 1551 pultae
244 1484 378 1531 dicebantur.

199 1548 268 1597 LXI.
284 1547 358 1610 Igitur
375 1549 455 1611 cupido
476 1547 591 1597 Caesarem
609 1548 701 1603 invadit,
723 1549 826 1595 solvendi

166 1627 269 1677 suprema
286 1614 390 1660 militibus
409 1614 519 1674 ducique3
535 1621 637 1675 permoto
653 1614 681 1659 ad
699 1615 826 1661 miseratio·

165 1693 217 1727 nem
233 1680 301 1733 omni,
312 1680 350 1738 qui
364 1678 445 1733 aderam
457 1680 562 1731 exercitu,
574 1680 604 1725 ob
613 1679 756 1739 propinquos,
767 1680 825 1724 ami·

166 1760 212 1797 cos,
223 1744 318 1804 denique
332 1744 361 1791 ob
375 1758 439 1789 casus
449 1744 557 1789 bellorum
567 1751 592 1789 et
601 1750 684 1789 sortem
701 1744 826 1789 bominum.

167 1809 288 1857 Praemisso
305 1805 404 1861 cactus
422 1816 446 1853 ut
463 1808 551 1855 occulta
567 1807 664 1855 saltuum
682 1815 825 1861 scrutaretur,

165 1882 289 1937 pontesque
300 1880 323 1919 et
333 1886 428 1934 aggeres
447 1872 539 1920 humido
553 1872 659 1933 paludum
677 1878 700 1917 et
711 1871 826 1918 fallacibus

166 1942 250 2004 campis
259 1940 389 1999 imponeret,
408 1937 514 1983 incedunt
531 1944 626 1984 moestos
644 1936 713 1990 locos,
729 1937 825 1997 visuque

166 2021 192 2051 sc
209 2002 316 2050 memorii
325 2001 443 2048 deformes.
476 2001 552 2048 Prima
562 2000 618 2047 Vari
628 2007 707 2055 carna
718 2001 765 2047 lato
776 2015 825 2048 arn·

164 2070 219 2121 bitu,
237 2076 260 2114 et
270 2067 376 2114 dimensis
390 2066 509 2131 principiis,
529 2066 595 2111 trium
611 2066 727 2127 legionum
744 2080 825 2112 manus

165 2133 321 2179 ostentabant:
342 2132 400 2186 dein,
412 2132 519 2177 semiruto
532 2130 599 2183 uallo,
609 2130 688 2176 bumili
698 2129 770 2185 sossii,
785 2145 824 2177 ac·

166 2200 220 2244 cisae
225 2198 274 2258 jam
286 2196 386 2255 reliquias
399 2196 526 2241 consedisse
535 2195 731 2257 intelligebantur:
751 2195 824 2241 medio

167 2262 238 2323 campi
249 2260 344 2306 albentia
354 2273 411 2314 ossa,
431 2268 456 2305 ut
474 2259 585 2322 fugerant,
596 2267 622 2306 ut
632 2260 766 2315 restiterant,
778 2260 824 2305 dis·

161 2329 223 2389 Jecta
245 2325 281 2373 vel
302 2331 423 2385 aggerata:
442 2325 572 2385 adjacebant
587 2324 700 2385 fragmina
720 2324 824 2379 telorum,

166 2403 319 2449 equorumque
329 2396 397 2443 artus,
416 2386 586 2441 aimultrur'rcis
604 2389 708 2435 arborum
727 2387 825 2434 antefixa

166 2469 218 2500 ora:
237 2453 293 2498 lucis
306 2453 434 2513 propinquis
448 2454 546 2499 barbarae
556 2467 608 2505 arae,
619 2452 678 2513 apud
688 2467 743 2512 quas
754 2453 823 2499 tribu·

166 2530 214 2571 rans,
226 2532 252 2563 ac
262 2518 383 2578 primorum
394 2516 497 2561 ordinum
507 2516 648 2564 centuriones
658 2523 821 2562 mactaverant:

166 2589 190 2627 et
200 2581 268 2628 cladis
279 2582 326 2642 ejus
336 2580 474 2641 superstites,
484 2594 584 2641 pugnam
594 2587 633 2627 sut
642 2580 733 2642 vincula
747 2579 823 2641 elapsi,
