1842 2909
112 137 211 179 ace.
260 114 450 184 nnuman
461 135 694 211 mavimam
729 123 773 182 2'01

113 262 172 310 riam
183 264 207 310 in
218 271 318 328 ternpore
327 267 492 322 memorabitur,
511 283 540 314 ne
553 281 613 314 nunc
623 265 712 329 incepto
723 266 775 312 lon-

112 330 167 390 gius
177 330 274 377 abierim.

149 392 248 442 XXIII.
260 394 343 442 Iisdem
353 396 489 451 consulibus,
500 396 574 443 Asinii
583 396 644 443 Gelli
651 409 712 442 more
722 393 774 440 vul·

113 464 188 518 gatus,
203 475 270 521 quem
280 468 381 522 egeetste
390 462 433 507 arbi
449 469 574 523 peremtum
593 461 651 507 baud
666 460 771 506 dubiumr

115 529 204 583 sponte,
223 525 260 571 vel
281 527 420 580 necessitate,
437 527 548 572 incertum
564 525 697 572 habebatur:
717 539 773 570 cou-

114 587 231 648 sultusque
252 587 337 644 Caesar,
360 591 494 651 ansepeliri
513 591 602 645 sineret,
622 605 668 636 non
686 589 775 635 erubuit

113 652 250 712 permittere,
268 654 371 714 ultroque
380 656 482 702 incusare
492 669 564 709 casus,
576 655 613 715 qui
624 669 686 700 reum
698 654 775 700 abstu-

114 716 201 772 lissent,
220 726 339 778 antequam
362 734 437 766 coram
459 721 638 766 convinceretur.
678 717 774 772 Scilicet,

114 781 191 827 medio
204 784 301 830 mencio
318 783 419 831 defuerat
436 791 525 846 ternpus
542 783 649 831 subeundi
662 782 773 845 JudieIum

113 846 226 893 consulari
236 849 291 900 seni,
307 855 343 894 tot
352 849 502 895 connrlerium
513 849 606 909 parenti.
632 846 723 893 Drusus
734 847 774 893 de·

111 910 167 956 inde
176 913 332 974 errstinguitur‚
344 923 394 959 cunt
406 914 571 960 semiaemndis
582 911 699 964 alimentis,
710 925 774 956 marr-

114 974 189 1020 dendo
199 991 213 1020 e
222 976 287 1022 cubili
299 985 407 1033 tomento,
426 993 510 1024 nonum
527 977 554 1023 ad
566 977 624 1023 dlem
636 974 774 1027 detinuisset.

114 1037 238 1086 Tradidere
255 1041 350 1102 quidam,
367 1043 521 1104 prescriptum
538 1041 607 1088 fuisse
624 1039 737 1093 Macroni,
754 1041 774 1085 si

113 1117 179 1150 arma
188 1106 216 1151 ab
227 1106 308 1167 Stejsrno
325 1114 470 1162 tentarentur,
489 1113 613 1152 extractum
630 1101 746 1150 eustadii
736 1117 775 1166 Ju-

113 1183 204 1223 venem,
222 1171 306 1232 (nsm'
300 1186 324 1216 rn
335 1171 427 1220 Palatio
440 1169 585 1227 attinebatur)
599 1170 679 1216 ducem
692 1167 775 1230 populo

114 1233 246 1308 imponere.
265 1250 326 1290 mox,
343 1237 395 1296 quis
405 1251 482 1282 rumor
492 1235 612 1289 incedebat,
626 1233 683 1286 sore,
695 1239 720 1278 ut
732 1246 775 1278 nu·

113 1297 151 1343 roi
169 1313 195 1344 ac
212 1301 287 1360 nepoti
305 1300 461 1347 concineretur
479 1297 563 1354 Cesar,
583 1298 692 1346 sevitiam
708 1311 775 1357 quam

112 1362 269 1424 poeuitentiam
279 1365 366 1411 maluit.

150 1425 246 1472 XXIV.
263 1428 325 1481 Quin
340 1436 363 1475 et
379 1430 482 1476 invectus
500 1431 522 1476 in
541 1428 677 1482 defunctum,
694 1427 776 1502 probra

114 1491 222 1552 corporis,
240 1493 393 1540 exitiabilem
386 1508 410 1538 m
428 1509 488 1548 suos,
499 1491 611 1540 insensum
622 1493 714 1554 reipubl.
726 1491 775 1537 sni·

113 1570 178 1602 mum
190 1557 284 1618 objecit:
302 1558 433 1618 recitarique
442 1557 553 1604 factorum
564 1557 718 1616 dictorumque
728 1555 777 1616 ejus

114 1621 227 1682 descrIpta
236 1635 276 1681 per
286 1621 332 1666 dies
338 1622 423 1683 jussit:
442 1637 487 1682 quo
499 1635 545 1666 non
561 1621 620 1666 aliud
632 1620 730 1666 atrocius
739 1620 776 1664 vi·

114 1699 181 1732 sum:
200 1685 311 1732 adstitisse
321 1692 355 1731 tot
364 1701 406 1747 per
415 1700 494 1740 aanor,
509 1685 548 1746 qui
558 1684 652 1739 vultum,
669 1684 775 1746 gemitus,

114 1749 229 1796 occultum
248 1750 315 1796 etiam
336 1765 439 1796 murmur
458 1750 605 1810 exciperent:
632 1755 655 1795 et
676 1747 776 1810 potuisse
797 1781 803 1787 -

114 1829 184 1860 avum
194 1813 276 1868 audire,
288 1815 370 1875 legere,
382 1816 405 1860 in
416 1813 528 1877 pubdcum
539 1829 647 1875 promere,
656 1814 695 1860 vix
705 1811 775 1870 iides3

103 1878 160 1924 *nisi
170 1878 231 1938 quod
238 1878 300 1924 Aeta
311 1880 448 1925 centurionis
457 1885 481 1924 et
488 1878 584 1938 Didymi
594 1878 666 1924 liberti
674 1877 776 1938 epletolae

114 1957 233 1990 servorum
244 1945 335 1990 nomina
348 1943 503 2004 preferebant,
518 1950 543 1989 ut
558 1943 607 2002 quis
624 1943 776 2017 egredientem

39 2032 43 2041 ·
115 2007 220 2054 cubiculo
228 2005 331 2053 Drusum
340 2009 476 2069 pulsaverat,
487 2013 636 2054 exterruerat
656 2007 723 2052 ettam
735 2021 777 2052 sua

103 2073 185 2120 'verbe
200 2073 307 2126 centurio,
325 2073 423 2120 saevitiae
431 2072 503 2135 plene,
522 2079 634 2131 tamquam
652 2069 776 2132 egregium,

114 2151 229 2196 vocesque
239 2135 362 2183 deficientis
372 2137 489 2200 suffecerat,
505 2135 555 2197 quis
565 2135 636 2211 prima
648 2135 786 2198 (alienatio-¹

115 2217 171 2248 nem
181 2201 263 2247 mentis
273 2199 398 2261 simulans)
407 2201 471 2262 quasi
481 2215 521 2262 per
532 2201 628 2250 dement'
612 2206 673 2254 t,ram
687 2199 777 2247 funeste

115 2265 216 2319 tiberio,
227 2281 287 2319 mox,
302 2267 340 2312 ubr
350 2279 431 2328 exspes
446 2264 558 2319 vitaefun,
576 2265 698 2318 meditatas,
713 2279 775 2310 corn·

114 2331 245 2393 positasque
266 2331 326 2376 diras
343 2331 517 2393 imprecabatur:
536 2336 568 2384 ut,
591 2329 777 2389 quemadmodum

115 2409 198 2442 nurum
209 2394 324 2456 liliumque
333 2395 408 2442 fratris
426 2403 450 2442 et
469 2401 561 2456 nepotes
577 2393 712 2454 domumque
727 2409 776 2439 om-

114 2474 169 2506 nem
181 2459 278 2506 caedibus
287 2459 450 2522 complevisset,
461 2460 493 2506 ita
503 2473 581 2520 poenae
593 2457 677 2506 nomini
687 2459 778 2519 generi-

116 2539 163 2584 que
181 2525 290 2586 majorum
309 2532 333 2570 et
350 2524 446 2586 posteris
461 2523 595 2571 exsolveret.
624 2522 779 2570 obturbabant

106 2587 207 2651 quidem
217 2596 298 2651 patres,
309 2591 383 2653 specie
392 2590 530 2639 detestandi:
550 2589 592 2642 ¹sed
597 2588 728 2652 penetrabat
737 2599 779 2647 pe-
