1842 2909
10 149 22 170 .
99 117 202 168 nan.
269 115 584 196 umxsnnnnumu.
728 121 793 172 sar·

104 256 157 298 erat
173 250 304 314 suspeetior,
320 251 381 314 quod
395 253 423 300 ab
439 251 468 299 ei
483 254 560 308 iesus,
576 247 695 300 interiecti
709 264 782 298 uxore

102 316 155 378 ejua
169 314 239 364 Julid.
272 317 365 364 Metum
382 317 527 379 furoremque
545 317 660 365 addiderat
673 316 781 379 pudicitia

102 381 219 428 ineassum
232 389 324 430 tentata.
344 382 474 430 Obscurum
485 391 562 430 tamen
574 384 649 430 scelus
659 382 766 444 quaesivit
770 397 780 438 ς

101 448 225 507 virumque
244 448 342 496 invisum
361 448 427 495 simui
438 455 462 494 et
473 448 587 502 dilectum,
605 448 781 507 melioribusque

102 513 243 573 temporibus
262 513 364 574 dignum,
385 528 475 560 veneno
499 514 598 560 sustulit.
630 513 722 560 Funere
737 526 781 574 pu-

103 576 166 622 blico
184 584 207 623 et
224 578 352 626 laudatione
372 578 472 625 celebres
488 576 553 626 fuere
570 580 702 640 exsequiee;
719 576 781 639 quod

102 642 183 688 multis
192 642 269 688 datum
286 641 314 689 ed
330 650 404 697 aetate,
417 659 469 704 quae
480 644 628 692 humanitatis
638 657 719 706 expers
729 643 780 704 ejrra

103 708 205 768 speciem
216 708 355 754 ambitiosius
364 709 501 756 oetentabat.
612 737 619 756 ι

79 827 84 836 Ι
139 769 212 834 [Turn
227 771 322 820 Asinius
334 773 422 828 Gallus,
434 774 501 821 elaris
511 773 629 827 natalibus,
639 772 698 820 faeie
710 773 793 834 igum-

102 836 154 890 bili,
165 836 299 884 deformiore
310 839 409 900 ingenio,
421 839 521 886 inserere
531 853 582 885 aeae
591 837 691 886 sonunae
699 837 780 884 voluit

103 899 225 964 Princeps,
237 903 270 950 uti
281 904 379 958 rebatur,
394 904 422 951 ab
436 904 540 950 omnibus
551 903 691 960 salutandus,
707 902 781 948 siim-

105 967 200 1029 perandi
209 967 494 1025 voiuntatemostenderet,
498 969 570 1030 ooepit
577 968 704 1030 obgeaeria
714 966 782 1014 elari-

103 1031 209 1080 tudinem
227 1032 301 1094 palam
313 1033 489 1088 dominationem
505 1032 616 1080 affectare
649 1032 701 1079 Nec
717 1045 785 1094 opes,›

104 1111 151 1144 nee
162 1111 224 1145 arma
236 1099 341 1146 aderantr
361 1100 489 1164 complures
499 1106 588 1146 tanmm
600 1096 701 1146 Caesaris
711 1097 780 1143 liber-

28 1169 35 1176 '
104 1169 461 1228 tos-atqueservosoorruperat.
494 1162 604 1212 Insanum
616 1163 720 1225 regulum
731 1175 780 1208 non

103 1232 189 1283 morte,
201 1226 245 1289 qud
256 1229 397 1278 inclaruisset
407 1230 501 1284 facinus,
513 1231 554 1277 aed
564 1228 651 1282 exsilio,
663 1243 709 1288 quo
719 1227 781 1273 deri·

104 1292 204 1347 deretur,
224 1294 328 1342 multavit
340 1293 466 1352 Claudius3
483 1296 527 1340 boe
543 1309 590 1341 uno
604 1293 697 1354 judicio,
711 1306 781 1353 quam

103 1356 160 1406 latis
171 1364 206 1404 tot
216 1358 310 1420 legibus,
323 1361 430 1422 majorem
438 1359 527 1406 laudem
539 1365 664 1407 metutus.

141 1419 225 1484 [Haud
243 1424 331 1472 minore
340 1422 407 1479 sami,
420 1425 495 1472 saulus
504 1424 635 1470 libertorum
647 1423 686 1484 qui
698 1423 791 1470 adver-1

104 1501 147 1534 sue
157 1494 265 1548 patronos
275 1489 378 1536 libertate
388 1490 539 1543 abuterentur,
551 1495 575 1536 et
583 1488 693 1536 ferociam
704 1488 779 1535 domi-

105 1567 196 1608 norum,
210 1552 228 1598 si
239 1567 281 1614 per
290 1553 353 1600 nefas
362 1556 476 1607 saevirent,
487 1553 604 1615 corripuit.
624 1552 707 1600 Motus
718 1553 782 1599 enirn

104 1615 203 1664 audaeib
213 1618 328 1680 qu'uadam
339 1619 419 1674 liberti,
434 1619 625 1681 quod-patronum
637 1617 697 1679 apud
707 1617 780 1664 tribu·

104 1697 153 1730 nos
161 1681 232 1744 plebis
243 1683 366 1739 detulisset,
378 1693 401 1730 et
411 1685 434 1730 in
443 1699 496 1730 eum
507 1679 603 1746 petisset
613 1682 781 1744 accepissetque

104 1747 264 1809 apparitorem,
282 1762 329 1795 uon
348 1749 415 1796 modo
431 1749 496 1794 iilum
507 1755 647 1808 ceterosque
657 1762 733 1795 cause
743 1747 788 1792 in-,

104 1826 181 1860 nexos
197 1813 304 1874 punirit;
321 1813 361 1860 sed
379 1820 402 1860 et
420 1813 637 1876 ingratos-libertos,
655 1812 781 1874 dequibus
860 1808 867 1815 “

104 1877 197 1941 patroni
208 1886 362 1939 quererentur,
380 1880 497 1926 revocarit
507 1878 531 1924 in
542 1877 691 1934 servitum,
708 1879 789 1924 adum.

105 1943 211 2002 carisque
225 1959 304 1994 eorum
316 1943 409 2004 negarit
420 1959 445 1990 ee
456 1943 565 1990 adversm
576 1943 667 1989 libertos
677 1943 778 2004 ipsorum

98 2008 144 2071 jus
162 2007 282 2054 dicturum.
314 2006 430 2056 Dominus
448 2009 534 2070 pariter
553 2021 644 2061 exosus,
662 2008 700 2068 qui
718 2021 785 2069 segre

104 2071 233 2132 affectaque
244 2072 354 2135 mancipia
368 2073 392 2120 in
404 2073 501 2120 insulam
512 2072 639 2134 AEaouiapii
650 2072 719 2119 tedio
730 2087 797 2118 meu

103 2137 175 2182 dandi
193 2144 338 2198 exponerent,
358 2139 433 2184 sanxit
448 2153 536 2193 omnen,
552 2139 590 2198 qui
606 2146 781 2198 exponerentur,

103 2201 189 2248 liberos
200 2201 255 2257 fore,
265 2217 307 2248 nec
318 2202 428 2250 redituros
436 2203 459 2249 in
472 2203 581 2250 ditionem
592 2203 685 2256 domini,
694 2203 713 2249 si
723 2217 782 2249 con·

103 2266 247 2315 valuissent:
266 2267 326 2328 quod
337 2268 356 2312 si
367 2269 417 2328 quis
436 2283 519 2315 necare
535 2279 603 2329 quem
622 2267 700 2314 mallet
713 2282 782 2328 quam

104 2347 229 2392 exponere,
241 2347 293 2380 eum
302 2332 370 2379 caedis
379 2333 476 2380 erimine
486 2334 567 2379 teneri.

114 2421 115 2426 =
140 2393 240 2459 [Verum
259 2397 287 2442 ab
303 2411 369 2457 aeqno
381 2398 409 2444 ad
419 2399 538 2446 temeraria
554 2399 600 2444 cito
618 2398 746 2457 depressus,
757 2403 783 2442 et

106 2476 173 2522 aegre
182 2460 258 2508 ferens
268 2461 370 2510 absentffi
380 2463 528 2524 litigatorum,
545 2463 584 2524 qui
595 2478 625 2508 ne
635 2461 703 2510 causi
713 2462 782 2508 eade-

104 2532 160 2573 rent
173 2527 315 2582 verebantur,
332 2528 417 2590 Judicia
432 2528 470 2574 vel
490 2528 597 2576 retardari
615 2528 653 2574 vel
669 2526 782 2587 impediri,

101 2591 261 2654 pronuntiavit
274 2607 299 2638 se
316 2593 444 2640 absentibus
453 2608 519 2653 aeque
529 2609 556 2640 ae
566 2592 715 2654 presentibus
726 2604 794 2635 caux

106 2671 160 2707 sun
171 2656 305 2705 dicturum
323 2655 417 2706 Deinde
429 2658 493 2706 nullo
509 2658 605 2714 delectu,
615 2653 712 2718 cuipine
722 2653 781 2714 quis,
