1842 2909
153 97 201 142 les
265 87 460 138 ANNALIUM
471 85 564 136 Lim-V.
575 86 636 136 Car.
645 90 667 133 8.
702 90 732 130 U.
741 90 765 130 c.
774 93 821 138 784.

158 220 225 270 lllam
236 219 351 269 a'Iiberio
360 220 501 266 interemtam
518 220 608 280 quidam
625 217 751 281 prodidere,
767 221 819 267 nul-

158 288 207 334 lmu
217 286 244 332 ab
261 285 341 331 immiti
357 284 456 346 principe
470 281 702 346 clementiae'signum
720 299 819 345 unquam

158 351 243 399 editum
253 350 345 410 opinati.

191 411 305 478 [Demum
315 415 340 459 in
355 413 431 474 Sejani
446 415 544 460 asseclas
562 421 610 460 tota
626 413 728 460 incubuit
744 413 821 475 legum

159 480 274 527 severitas.
305 476 409 538 Correpti
416 485 527 538 quotquot
536 479 585 540 ejus
595 478 673 525 lavore
681 485 704 524 et
716 479 823 526 sociante

160 543 271 597 celebrati,
288 544 331 588 nisi
342 543 385 603 ipsi
403 542 526 589 delatorum
546 544 638 589 nomine
654 549 679 588 et
697 543 822 590 accusatio-

161 623 217 656 num
238 608 355 654 atrocitate
374 607 529 667 impunitatem
550 614 718 654 mercarenturr
742 607 765 652 in
784 607 823 668 jus

156 673 229 720 etiam
241 671 335 725 retracti,
354 671 407 717 olim
418 673 523 725 accusati,
534 678 560 724 et
568 672 616 732 eJus
626 669 701 732 grstii
711 670 820 717 absolutis

163 743 283 789 senatores,
298 735 393 796 equitet,
411 735 477 782 virile
493 749 519 781 ac
530 735 637 782 muliebre
648 751 720 788 secus,
740 737 763 781 in
775 751 824 781 car-

163 815 238 848 cerem
248 800 356 855 mntrusi,
370 806 409 846 aut
418 799 477 860 apud
487 801 631 860 magistratus
641 801 740 846 rudesve
751 815 832 846 assem.

162 865 225 915 vati:
238 864 334 925 plurimi,
345 877 375 910 ne
383 863 548 924 publicarentur
554 865 618 919 bona,
630 872 654 911 et
664 864 742 910 infami
751 872 824 911 morte

163 929 368 981 dehonestarentur.
385 927 426 974 sibi
441 942 522 974 manus
537 927 647 976 intulere:
667 929 744 974 caeteri
761 929 823 974 dam·

163 995 253 1058 nati,et
263 991 370 1055 supplicio
384 991 472 1038 affecti:
492 993 593 1040 nonnulli
609 993 762 1040 desennonem
774 1009 833 1049 sus·¹

161 1059 235 1122 cipere
246 1055 312 1121 ausi]
343 1108 345 1113 ,

163 1213 168 1220 ·
197 1186 242 1235 VI.
260 1190 290 1219 '⁴'
304 1187 407 1243 erataor
417 1188 713 1251 etquadram‘ntaorationes
723 1203 792 1250 super
801 1186 828 1236 ei

162 1268 192 1300 re
201 1253 290 1307 habitae,
301 1268 331 1298 ex
340 1250 391 1314 quis
401 1253 431 1300 ob
440 1261 524 1300 metum
535 1269 620 1315 paucae,
637 1253 712 1314 plures
723 1259 827 1300 escuem·

163 1317 227 1372 ¹(line,
246 1318 276 1346 '⁸
295 1318 370 1366 “mihi
380 1319 488 1379 pudorem
500 1324 537 1364 aut
550 1319 631 1380 Sejano
646 1318 753 1364 invidiam
771 1318 827 1364 alla·

166 1389 242 1428 turum
261 1381 345 1428 cemui.
385 1385 398 1412 ⁸
417 1385 431 1412 ⁰
450 1385 464 1412 ⁸
508 1397 574 1429 versa
590 1390 624 1429 est
640 1381 738 1438 senuna,
757 1390 780 1429 et
791 1383 831 1430 ille

166 1445 264 1507 quidem,
275 1446 313 1507 qui
324 1445 434 1508 collegam
442 1454 466 1493 et
476 1461 585 1510 generum
595 1447 726 1501 adsciverat,
739 1447 780 1494 sibi
792 1448 829 1510 ig-

167 1511 255 1558 noscitt
274 1511 356 1566 caeteri,
368 1525 434 1571 quem
445 1527 486 1572 per
496 1511 604 1559 dedecora
613 1509 700 1568 fovere,
712 1527 765 1559 cum
778 1527 829 1558 sce-

167 1576 214 1623 lere
224 1575 368 1624 insectantur.
385 1578 416 1608 *⁴*
432 1577 535 1624 miserius
546 1577 581 1628 sit,
591 1577 619 1622 nb
629 1577 750 1623 amicitiam
762 1591 832 1624 socu-

166 1641 218 1693 sari,
230 1655 259 1687 an
269 1641 366 1686 enricum
376 1655 486 1696 accusare,
498 1641 557 1687 baud
567 1641 717 1689 abscreverim.
735 1643 765 1673 *⁸
783 1657 832 1688 non

168 1704 328 1758 crudelitatem,
345 1720 391 1751 non
408 1705 549 1755 clementium
567 1706 695 1768 qu'usquam
712 1707 832 1768 experiar;

169 1769 209 1816 sed
224 1769 285 1822 liber,
304 1775 328 1815 et
345 1769 459 1830 mihiipsi
478 1771 589 1831 probatus,
607 1771 681 1816 antibo
698 1765 834 1832 perieulum.

168 1831 219 1880 uos
238 1835 342 1887 obtestor.
361 1849 391 1880 ne
406 1836 538 1880 memoriam
556 1835 627 1880 nostri
645 1851 686 1897 per
701 1850 832 1892 moerorem,

169 1914 237 1960 quam
248 1899 301 1951 laeti,
319 1898 438 1952 retineatis,
457 1898 580 1960 adjiciendo
594 1914 631 1944 me
641 1915 730 1960 quoque
741 1900 776 1956 iis,
793 1902 834 1963 qui

168 1964 215 2011 fine
225 1964 318 2026 egregio
328 1963 415 2024 publica
424 1964 484 2010 mela
494 1961 646 2026 effugerunt.”

204 2027 263 2076 v11.
280 2027 347 2074 Tunc
363 2029 470 2090 singulos,
486 2035 511 2074 ut
522 2030 602 2089 cuique
612 2029 722 2084 assistere,
739 2031 833 2091 alloqui,

170 2095 258 2141 enimus
272 2101 326 2147 erat,
341 2093 440 2139 retinens
449 2099 489 2140 aut
499 2093 619 2148 dimittens,
638 2101 725 2156 partem
736 2096 781 2142 diei
793 2097 835 2142 ab·

170 2160 267 2216 sumait;
278 2158 393 2217 multoque
402 2158 475 2204 adhuc
486 2165 554 2212 eoetu,
565 2164 588 2204 et
599 2160 685 2204 eunctis
696 2159 836 2222 intrepidum

168 2225 258 2274 vultum
269 2225 317 2286 ejus
328 2223 483 2284 spectantibus,
495 2237 545 2268 cum
557 2236 673 2284 superesse
683 2229 774 2286 tempus
790 2241 837 2271 no·

170 2288 406 2341 vissimis'crederent,
416 2288 499 2348 gladio,
516 2301 583 2348 quem
600 2288 650 2334 sinu
661 2289 781 2346 abdiderat,
797 2291 837 2336 in-

171 2353 255 2398 cubuit.
287 2351 369 2410 Neque
387 2350 467 2398 Caesar
485 2351 536 2398 ullis
553 2352 681 2398 criminibus
697 2360 736 2399 aut
746 2355 839 2416 probris

171 2419 300 2466 defunctum
311 2416 432 2462 insectatus
442 2424 485 2470 est,
496 2430 548 2462 cum
559 2417 582 2462 in
593 2415 695 2463 Blaesum
706 2417 780 2466 multa
789 2417 838 2466 ioe·

171 2485 244 2542 daque
253 2479 406 2527 incusavisset.

203 2541 276 2590 V111.
293 2542 399 2588 murum
410 2545 463 2592 inde
481 2546 509 2592 de
526 2543 554 2592 P.
563 2544 694 2594 Vitellio-et
705 2543 839 2608 Pomponio

171 2608 290 2658 Secundo:
308 2605 371 2652 illum
389 2607 475 2660 indices
491 2610 621 2673 urguebant,
639 2610 736 2658 claustra
753 2612 839 2666 semrii,
