1842 2909
92 144 149 185 isc.
160 143 193 187 16·
249 140 440 191 ANNALIUM
457 140 555 191 lars-ll.
568 140 678 191 crass.
725 147 755 191 61
794 139 796 147 '

94 271 193 333 gliscere
202 272 318 335 singulos:
337 288 410 334 neque
420 274 443 319 in
454 271 539 321 familiis
549 280 572 319 et
582 280 683 335 argento,
695 288 758 334 qure-

94 351 140 395 que
151 337 179 383 sd
189 353 254 385 usum
266 346 380 399 parentur,
389 339 483 385 nimium
491 338 579 398 aliquid,
591 349 630 385 aut
638 340 758 391 modicum,

94 401 187 449 nisiex
207 402 298 451 fortuni
315 404 461 465 possidentis:
486 404 604 449 distinctos
623 403 716 451 senatus.
735 410 759 449 ct

93 468 195 527 cqrritum
207 462 294 522 census,
306 482 359 521 non,
367 468 506 528 quisdiversi
514 466 599 521 asturi,
611 468 651 514 sed
659 475 685 514 ut
695 468 758 523 locis,

91 531 215 585 ordinibus,
227 532 392 595 dignationibus
399 532 652 593 entistenttaliaqueed
659 534 758 593 requiem

92 596 171 645 enimi.
183 604 222 643 sut
230 598 379 643 salubritatem
386 594 504 658 corporum
512 605 630 659 petentur:
649 598 759 643 nisisorte

92 660 218 707 clarissimo
237 663 317 722 cuique
331 662 406 723 plures
416 676 488 715 curae,
501 662 586 722 majora
596 661 694 723 pericula
705 662 757 709 sub·

92 725 184 783 eunda;
201 726 355 773 delenimentis
369 740 473 773 curarum
483 734 508 771 et
516 726 667 787 periculorum
678 741 758 773 caren-

92 788 149 835 dum
160 805 217 837 esse.
249 790 347 839 Facilem
358 805 474 837 assensum
486 790 561 845 Gallo,
577 792 619 837 sub
632 791 758 837 nominibus

92 855 202 909 honestis,
217 854 327 903 consessio
338 855 443 902 vitiorum
454 863 478 901 et
488 855 610 902 similitudo
620 856 757 902 audientium

92 918 164 965 dedit.
196 914 316 981 Adjecera't
325 927 349 967 et
360 914 472 976 Tiberius,
487 934 533 965 non
544 920 567 966 id
578 926 666 980 tempus
676 934 757 966 censu·

91 998 140 1029 ree:
161 999 209 1039 nec,
226 985 307 1045 siquid
319 986 342 1031 in
353 986 450 1031 moribus
461 985 550 1038 labaret,
567 983 695 1031 defuturum
706 999 757 1030 cor·

92 1048 182 1109 figendi
194 1056 315 1100 auctorem.

129 1112 252 1171 XXXIV.
270 1112 334 1160 Inter
347 1130 398 1174 quse
414 1112 443 1160 L.
453 1112 508 1160 Piso
520 1114 628 1160 ambitum
638 1111 688 1167 fori,
705 1127 757 1159 cor·

92 1184 161 1239 rupta
166 1178 256 1239 judicia,
272 1178 380 1225 sevitiam
392 1186 505 1226 oratorum
519 1179 672 1224 accusationes
689 1178 756 1223 mini·

92 1245 190 1289 lentim
202 1244 326 1303 increpans,
342 1244 401 1290 abire
412 1258 436 1289 re
446 1251 470 1290 et
480 1243 560 1289 cedere
570 1243 630 1297 urbe,
645 1243 757 1289 victurum

91 1308 117 1353 in
129 1308 205 1367 aliquo
216 1308 290 1354 abdito
301 1315 325 1355 et
335 1307 459 1369 longinquo
470 1323 527 1363 rure,
539 1308 671 1354 testabatur:
690 1306 758 1362 simul

90 1372 179 1419 curium
200 1372 342 1433 relinquebat.
376 1372 511 1421 Commotus
531 1381 567 1419 est
585 1372 703 1429 'liberium
726 1379 757 1427 et,

91 1451 229 1497 quamquam
241 1438 331 1483 mitibus
339 1438 412 1485 verbis
420 1437 528 1484 Pisonem
534 1438 693 1498 permulsisset,
703 1452 757 1498 pro·

90 1502 490 1627 tltss’tttttt„ttt'”llut‘
498 1503 759 1613 battutile

89 1631 254 1677 documentum
264 1630 322 1677 idern
335 1631 390 1678 Piso
397 1646 451 1677 mox
462 1632 529 1686 dedit,
540 1629 620 1677 vocati
630 1632 700 1692 injus
709 1629 757 1677 Ur·

46 1714 48 1717 ·
91 1694 194 1757 gulaniir,
209 1710 275 1757 quam
288 1712 353 1757 supra
363 1697 426 1757 leges
437 1697 535 1743 amicitia
545 1697 659 1757 Auguste
669 1694 757 1741 extule-

90 1766 138 1807 ratr
166 1774 207 1806 nec
227 1768 266 1807 eut
284 1760 411 1823 Urgulania
431 1762 599 1823 obtemperarit,
620 1762 644 1806 in
666 1761 757 1807 domum

92 1823 202 1879 Csessris,
210 1832 285 1887 spreto
294 1824 384 1881 Pisone,
394 1834 472 1882 vects;
488 1834 527 1872 aut
534 1825 572 1871 ille
577 1826 669 1879 abstitit,
677 1836 757 1885 quum·

90 1904 160 1949 quern
173 1890 280 1950 Augusta
290 1906 315 1937 se
325 1890 402 1937 violari
413 1899 437 1937 et
446 1891 548 1936 imminui
559 1897 695 1951 quereretur.
715 1887 758 1933 Ti·

91 1955 169 2001 &rius
184 1954 291 2001 hactenus
307 1955 423 2017 indulgere
438 1957 504 2002 metri
519 1956 585 2001 civile
598 1961 666 2007 ratus,
684 1961 715 2006 ut,
734 1968 758 1999 se

90 2019 178 2066 iturum
195 2019 223 2065 ed
237 2020 339 2081 praetoris
355 2020 458 2075 tribunal,
475 2019 603 2066 adlaturum
618 2018 758 2079 Urgulaniae,

91 2084 184 2137 diceret,
201 2086 310 2144 processit
321 2084 414 2139 Palatio,
430 2085 508 2147 procul
520 2084 583 2145 sequi
593 2083 665 2145 jussis
680 2082 761 2129 militi-1

90 2148 142 2195 bus.
183 2148 334 2209 Spectabatur,
357 2157 489 2197 occursante
509 2149 599 2210 populo,
621 2148 758 2209 compositus

92 2227 141 2267 ore,
166 2220 190 2259 et
211 2215 350 2261 sermonibus
368 2216 435 2262 variis
454 2222 543 2275 tempus
565 2222 633 2273 etque
654 2214 697 2259 iter
714 2213 756 2259 du·

92 2292 160 2335 cens3
180 2276 258 2333 donec,
274 2278 526 2341 propinquisPisonem
539 2278 623 2325 frustra
632 2277 757 2324 coercenti-

91 2344 142 2397 bus,
160 2342 241 2389 deferri
255 2344 361 2405 Augusta
376 2344 501 2406 pecuniam,
515 2358 566 2403 quae
583 2343 705 2403 petebatur,
716 2344 757 2403 ju-

92 2408 164 2453 beret.
196 2406 265 2469 Isque
273 2407 324 2455 finis
332 2410 378 2465 rei;
396 2424 424 2455 ex
435 2408 481 2469 quil
490 2423 563 2468 neque
574 2406 629 2458 Piso
640 2408 757 2467 inglorius,

93 2478 117 2517 et
133 2471 214 2520 Caeser
228 2475 312 2535 maJore
327 2472 387 2519 semla
403 2472 452 2519 suit.
487 2470 603 2521 Caeterum
623 2471 758 2532 Urgulaniae

93 2538 196 2597 potentie
213 2538 269 2585 adeo
280 2539 349 2585 nimie
358 2538 443 2585 civitati
459 2544 514 2591 erat,
532 2544 558 2583 ut
573 2537 637 2583 testis
650 2530 759 2588 incensi
776 2558 779 2567 ·

95 2600 198 2660 quddam,
214 2617 266 2663 quae
277 2603 336 2664 apud
350 2610 452 2649 senatum
467 2602 609 2655 necabatur,
626 2600 703 2646 venire
718 2598 758 2643 de·

95 2666 238 2726 dignaretur:
257 2669 340 2715 missus
350 2675 385 2715 est
396 2669 493 2738 praetor,
502 2666 541 2727 qui
555 2666 758 2721 domi-interroga·
775 2669 778 2674 '

129 2744 181 2779 vol..
192 2746 209 2779 1·
549 2744 566 2775 c
652 2750 655 2753 -
