1842 2909
51 172 55 177 .
108 107 208 152 aest·
262 100 689 153 ANNALIUMLmllcn.44.
737 109 770 156 67

98 244 161 283 erat:
179 234 353 297 praefeceratque
374 233 417 283 Cu.
430 233 544 291 Pisonem,
562 236 655 298 iugenio
672 237 761 284 violeu-

67 328 74 355 χ
97 309 145 347 tum
157 307 180 347 et
191 302 289 361 obsequii
306 302 415 363 lgwum,
431 299 500 347 insitb
513 298 596 347 ferociis
609 317 623 347 a
635 308 701 362 patre
718 302 760 348 Pi·

94 381 158 421 sone,
175 366 220 427 qui,
237 366 297 411 civili
314 366 379 419 bello,
396 373 539 428 resurgentes
552 366 576 412 in
591 365 670 412 Atrion
683 375 759 427 partes

93 431 203 477 acerrimo
220 430 343 477 ministerio
361 430 467 477 adversus
482 428 597 477 Caesarem
608 432 682 491 jusit:
701 446 757 479 mox

92 494 193 541 Brutum
207 503 231 541 et
249 493 353 543 Cassium
367 502 463 548 secutus,
479 510 588 541 concesso
602 496 680 546 reditu.
696 497 755 557 peti-

90 561 156 606 tione
165 561 275 606 honorum
287 560 398 613 abstinuit,
414 560 485 605 donec
499 560 558 606 ultro
573 560 698 614 ambiretur,
714 562 754 607 de·

89 624 163 671 latum
174 626 203 671 ab
213 622 320 685 Augusto
330 625 470 671 consulatum
486 624 593 685 accipere.
625 624 677 679 Sed,
693 640 753 686 prse-

91 697 127 737 ter
137 695 244 750 paternos
255 689 351 750 spiritus,
362 689 438 735 uxoris
445 704 535 749 quoque
546 688 662 736 Plancinae
673 690 754 736 nobili·

88 761 138 799 tate
149 763 174 800 et
184 754 262 813 opibus
272 753 444 799 accendebatur:
463 754 502 799 vix
513 752 604 801 'liberio
613 755 752 802 concederet

88 819 174 865 liberos
184 820 240 879 ejus,
257 825 282 863 ut
297 818 392 864 multum
408 817 473 871 inira,
490 818 632 879 despectare:
651 834 694 865 nec
709 820 751 865 dn-

87 883 152 929 bium
165 883 264 937 habebat,
281 898 305 928 se
321 882 437 937 delectum,
453 882 491 942 qui
505 883 577 942 Syriae
593 884 752 945 imponeretur,

87 948 118 993 ad
136 962 188 1009 spes
204 947 333 993 Germanici
348 946 489 992 coercendas.
522 944 750 1007 crediderequiusm.

87 1012 142 1059 data
161 1020 185 1057 et
201 1026 216 1057 a
234 1010 324 1057 Tiberio
342 1011 431 1057 occulta
444 1010 561 1057 mandata:
581 1020 604 1057 et
620 1010 750 1059 Plancinam

86 1076 235 1123 hauddubie
254 1076 359 1137 Augusta
380 1076 468 1122 monuit
485 1074 587 1120 muliebri
608 1077 752 1123 aemulatione

87 1142 240 1202 Agrippinam
258 1140 394 1187 insectandi:
419 1140 491 1186 divisa
511 1154 607 1200 namque
622 1146 656 1185 et'
667 1140 751 1188 discors

86 1206 140 1253 aula
150 1213 204 1260 erat,
217 1205 290 1251 tacitis
300 1205 323 1251 iu
334 1204 436 1253 Drusum
448 1211 488 1250 aut
496 1203 657 1251 Germanicum
665 1206 751 1252 studiis.

86 1268 202 1326 Tiberius,
225 1277 250 1315 ut
268 1270 380 1331 proprium
402 1278 425 1315 et
446 1269 480 1315 sni
502 1264 624 1330 sanguinis,
646 1268 750 1316 Drusum

85 1335 191 1383 fovebat:
212 1334 348 1381 Germanico
363 1333 467 1380 alienatio
483 1335 556 1394 pntnri
572 1348 671 1381 amorem
689 1336 749 1397 apud

86 1408 183 1447 caeteros
194 1407 287 1445 auxerat
293 1416 301 1454 3
319 1405 342 1444 et
352 1399 404 1459 quin
414 1399 545 1445 claritudine
555 1401 648 1445 materni
658 1400 749 1460 generis

85 1465 192 1519 anteibat,
204 1478 271 1510 avum
282 1463 318 1510 M.
326 1462 460 1519 Antonium,
471 1464 606 1509 avunculum
617 1464 749 1525 Augustum

84 1529 176 1577 serens:
196 1536 275 1575 contra
284 1527 363 1573 Druso
371 1526 668 1589 proavusequesRomanus
676 1528 747 1575 Pom·
769 1565 772 1569 ,
823 1551 830 1556 ·

84 1594 168 1657 penius
179 1592 277 1647 Atticus,
289 1592 395 1639 dedecere
407 1589 553 1639 Claudiorum
563 1593 672 1654 imagines
684 1594 746 1639 vide·

84 1660 166 1705 batur:
186 1664 209 1703 et
220 1658 303 1720 conjnx
314 1656 450 1711 Germanici,
464 1655 596 1718 Agrippina,
612 1657 749 1705 fecunditate

85 1739 112 1770 ac
128 1720 191 1769 sami
205 1720 302 1777 Liviam,
322 1736 415 1769 uxorem
435 1720 514 1776 Drusi,
532 1722 687 1782 precellebat:
707 1722 748 1769 sed

82 1787 165 1834 fratres
176 1786 268 1850 egregie
278 1786 405 1841 concordes,
423 1794 446 1833 et
456 1786 608 1847 proximorum
619 1787 746 1844 certamini·

83 1853 126 1901 bns
137 1852 272 1899 inconcussi.
505 1905 508 1912 Ι
683 1859 686 1863 ·

91 1964 97 1975 ,
118 1915 213 1963 XLIV.
232 1915 283 1963 Nec
304 1916 379 1963 multo·
396 1922 447 1977 post
470 1914 561 1962 Drusus
582 1917 606 1961 iu
628 1914 746 1975 Illyricum

83 1983 168 2029 missus
178 1988 220 2035 est,
238 1993 263 2027 ut
276 1981 491 2040 suesceretmilitiae,
506 1981 624 2040 sordisque
634 1980 746 2026 exercitus

81 2054 187 2109 pararet3
204 2046 271 2091 simul
284 2048 400 2108 juvenem,
415 2046 500 2092 urbano
514 2046 570 2092 luxu
584 2044 746 2100 lascivientem,

81 2112 165 2159 melius
175 2111 200 2156 in
210 2110 288 2157 castris
299 2111 373 2157 haberi
383 2108 493 2162 Tiberius,
510 2125 579 2169 seque
593 2109 698 2155 tutiorem
709 2122 746 2156 re

81 2178 153 2231 batur,
172 2172 326 2235 utroque'filio
343 2175 444 2236 legiones
458 2174 579 2221 obtinente.
612 2174 658 2220 Sed
676 2173 746 2221 Suevi

81 2236 743 2303 praetendebantur,sunliumadversuscueruscosoruntesz
788 2262 791 2272 =

82 2321 135 2353 nam
151 2306 252 2359 discessu
267 2304 428 2359 Romanorum,
445 2319 471 2350 ac
486 2305 552 2350 vacui
562 2311 657 2350 externo
673 2311 743 2359 metu,

22 2396 25 2401 ·
80 2370 158 2433 gentis
168 2369 317 2423 assuetudine,
336 2377 417 2415 sttum
433 2368 577 2415 emulatione
585 2368 672 2429 gloriae,
680 2383 745 2415 arma

80 2436 104 2481 in
123 2449 149 2481 se
164 2440 286 2481 verterant
319 2432 362 2479 Vis
381 2432 503 2487 nationum,
524 2434 597 2479 virtus
615 2432 697 2481 ducum
719 2434 744 2478 in

82 2514 159 2560 equo:
179 2499 218 2545 sed
229 2498 395 2545 Maroboduum
407 2498 468 2559 regis
478 2512 562 2543 nomen
572 2497 670 2543 invisum
686 2496 745 2556 apud

80 2563 213 2626 popularem
231 2563 366 2621 Arminium,
381 2578 423 2625 pro
433 2562 535 2611 libertate
543 2562 670 2617 bellantem,
681 2559 746 2607 favor

81 2629 185 2677 babebat.
444 2650 446 2655 ·
