1842 2909
101 121 202 163 nomo.
251 118 669 171 ANNALIUMhulcuos.
731 126 762 171 ss

103 250 189 297 huben:
209 264 280 311 neque
298 250 326 297 ob
343 252 468 313 premium,
487 251 527 298 seri
537 258 563 298 ut
573 266 611 298 me
620 249 712 313 perlldii
722 264 763 299 ex·

102 315 205 371 solrsm;
223 316 289 361 simul
299 317 364 377 genti
376 316 542 363 Germanorum
553 317 647 363 idoneus
658 316 763 364 concilis·

102 386 145 434 tor‚
158 380 176 425 si
187 380 342 441 penitentiam
354 395 420 441 quum
436 382 557 442 perniciem
574 382 685 427 moluerit.
717 380 764 428 Pro

97 442 197 506 juventi
207 451 231 491 et
241 459 316 491 errore
326 443 364 490 lilii
374 446 464 491 veniam
474 460 566 507 precor:
585 444 653 492 utum
664 446 764 492 necessi·

101 517 149 555 tute
171 510 215 555 huc
235 509 358 563 adductum,
377 510 463 557 fateor:
487 519 551 557 tuum
569 511 612 557 erit
629 510 763 565 consultare,

102 580 179 619 utrum
189 573 317 635 prevalent,
326 575 385 634 quod
396 588 424 621 ex
435 574 539 623 Arminio
549 577 659 636 concepit,
667 589 696 621 sn
704 575 765 635 quod

103 651 133 683 ex
144 652 182 684 me
199 638 275 699 genita
286 636 345 685 est'’
379 638 463 695 caesar,
480 640 586 686 clementi
605 654 717 701 responso,
734 640 763 686 li-

101 702 162 748 beris
172 702 346 764 propinquisque
364 705 412 765 ejus
430 704 615 761 incolumitatem,
633 705 676 765 ipsi
688 704 764 749 mrtem

101 774 180 814 vetere
197 767 220 812 in
238 764 352 829 provincii
361 768 484 829 pollicetur.
516 769 648 815 Exercitum
666 768 764 823 reduxit,

101 846 231 891 nomenque
242 830 392 893 Imperatoris,
404 841 495 880 nuc-tore
504 832 601 888 liberio,
608 833 701 895 occepit.
716 832 764 879 Ar·
807 829 809 836 ’

101 896 167 941 minii
189 910 246 941 uxor
267 897 337 943 virilis
356 898 424 944 sexus
442 898 533 959 stirpem
555 898 636 944 elidit:
656 898 764 943 ederemus

102 958 223 1007 Ruvcnmc
233 974 294 1021 puer,
306 976 351 1022 quo
361 976 415 1008 mox
426 962 519 1009 lurlrltrio
530 960 670 1008 conflictatus
685 963 722 1016 sit,
738 962 763 1007 in

102 1031 204 1086 tempore
215 1028 349 1072 memorabo.

136 1087 207 1135 LIX.
223 1088 293 1135 Fatus
314 1089 381 1136 dediti
399 1091 540 1153 benigneque
556 1091 644 1152 excepti
664 1091 765 1151 Segestis

104 1153 204 1216 vulgata,
222 1161 248 1199 ut
258 1154 381 1215 quibusque
390 1155 473 1201 bellum
487 1155 564 1201 inritis
574 1163 613 1201 aut
627 1155 766 1217 cupientibus

83 1222 86 1233 “
105 1225 161 1272 erat,
173 1232 212 1280 spe
222 1218 259 1264 rel
269 1218 346 1265 dolore
356 1220 470 1279 accipitur.
502 1218 637 1271 Arminium,
651 1234 718 1281 super
729 1220 764 1264 in·
803 1243 806 1251 ‹

105 1285 172 1329 sitem
188 1283 322 1337 violentum,
335 1291 396 1345 raptu
407 1298 470 1338 uxor,
483 1284 594 1345 subjectus
604 1284 696 1329 servitio
706 1297 765 1330 uxo·

104 1349 136 1395 ris
145 1356 228 1402 uterus,
240 1348 357 1394 vecordem
368 1348 476 1410 egebunt:
492 1349 640 1409 volitabatque
650 1364 691 1410 per
702 1345 764 1395 che·

105 1428 192 1467 tuscos,
211 1427 272 1458 arms
282 1412 305 1459 in
317 1412 441 1475 Segestem,
459 1427 522 1459 orme
538 1414 561 1459 in
579 1410 694 1460 Cursarem
710 1428 764 1473 pos·

105 1492 180 1588 ttu
202 1476 765 1603 illul‘lissmiffl‘imiffffiul'}

106 1620 202 1668 quorum
214 1612 248 1651 tot
258 1621 337 1652 manus
347 1620 414 1652 unum
426 1607 578 1653 mulierculam
589 1607 712 1653 evexerint.
729 1606 766 1653 Si-

104 1672 127 1717 bi
140 1679 186 1715 tres
196 1670 302 1731 legiones,
322 1672 414 1717 totidem
430 1672 519 1732 legatos
529 1671 678 1733 procubuisse.
710 1668 767 1715 Non

105 1735 167 1781 enim
178 1750 203 1780 se
219 1735 350 1795 proditione,
368 1750 440 1795 neque
456 1736 562 1782 adversus
579 1735 674 1782 ieminss
690 1734 767 1797 gravi·

105 1800 153 1853 dus,
173 1799 213 1845 sed
229 1798 301 1859 pulum
319 1800 425 1845 edversus
441 1808 538 1846 nrrnutos
553 1800 636 1846 bellum
653 1807 765 1845 tractore:

106 1863 170 1910 cerni
181 1863 253 1909 adhuc
272 1863 438 1911 Geminorum
456 1866 480 1910 in
499 1864 556 1910 lucis
573 1865 639 1925 signs
654 1864 766 1919 Romano,

106 1942 161 1989 quae
172 1928 214 1974 diis
224 1928 300 1987 putriis
311 1928 455 1989 suspenderit
489 1926 582 1976 Coleret
599 1930 705 1989 Segestes
719 1928 767 1973 ric·

107 2000 155 2039 tum
177 1993 264 2053 ripam:
284 1992 384 2039 redderet
405 1992 450 2039 lilio
472 1993 634 2039 sacerdotium:
653 1993 768 2038 hominem

108 2058 239 2105 Germanos
258 2070 370 2116 nunquam
390 2058 443 2103 sotis
462 2066 613 2111 excusaturos,
632 2058 692 2116 quod
711 2057 769 2103 inter

109 2122 187 2168 Albim
199 2128 222 2167 et
233 2120 340 2167 Rhenum
359 2123 434 2183 virgas
450 2129 473 2167 et
483 2136 572 2168 secures
582 2128 606 2167 et
616 2128 693 2182 togam
704 2121 767 2167 vide·

108 2187 162 2233 rint.
189 2184 249 2232 Aliis
259 2186 369 2247 gentibue,
381 2184 508 2248 ignorantii
517 2186 603 2247 imperii
615 2184 719 2240 Romani,
731 2186 767 2230 in⁴

108 2257 203 2312 experte
213 2264 263 2297 esse
274 2251 386 2311 supplicis,
406 2252 481 2297 nescit
496 2251 591 2296 tribute:
611 2264 662 2310 quae
680 2250 769 2309 quondo

109 2316 221 2369 exuerint,
240 2315 361 2375 irritusque
369 2316 500 2361 discesserit
516 2313 554 2360 ille
563 2316 622 2360 inter
632 2315 724 2360 numina
735 2314 769 2360 dt-

108 2389 175 2426 catus
186 2378 313 2441 Augustus,
324 2380 362 2425 ille
372 2379 471 2426 delectus
483 2378 592 2433 Trberius,
604 2394 632 2425 ne
643 2378 770 2439 imperitum

110 2444 318 2499 adolescentulum.
330 2458 359 2490 ne
377 2444 506 2491 seditiosum
524 2444 647 2489 exercitum
664 2456 771 2504 pavesce-

110 2516 169 2555 rent
204 2509 228 2555 Si
239 2509 339 2569 putrium,
357 2517 466 2571 parentes,
486 2508 576 2568 antiquo
589 2508 688 2560 mallent,
705 2520 771 2566 quem

110 2574 216 2621 dominos
226 2581 249 2620 et
260 2574 359 2620 colonius
373 2588 457 2631 novem
475 2572 603 2618 Amrinium
621 2575 702 2635 potius,
720 2570 772 2631 glo·
