1842 2909
168 111 216 156 184
355 101 645 154 SUPPLEMENTUM
710 105 825 150 uerae

164 238 249 286 nno:
260 234 490 282 noatdeconmltum
502 249 547 294 quo
562 233 655 295 sejanus
665 233 750 280 nemini
760 233 824 294 luge·

165 309 241 349 retur:
260 302 309 363 ejua
318 315 401 346 nomen
411 299 475 346 lautia
486 306 510 346 et
520 299 663 346 monimentir
674 298 822 344 eximeretur:

166 365 274 413 libertatir
292 365 380 426 effigies
395 371 516 426 poneretur
537 365 562 409 in
581 362 638 409 foro.
680 361 740 416 Quae
759 362 825 408 etiarn

165 445 233 486 nova,
244 429 303 475 diem
312 428 401 483 lutum,
411 444 451 490 per
461 435 554 474 cunctor
564 428 707 490 magistratus
718 433 743 473 et
753 441 824 473 recer-
917 423 918 428 ’

166 494 408 549 doteacelebrandum3
419 509 495 554 acper
507 492 607 554 ringuloa
618 506 697 548 annor,
710 491 772 538 neria
782 489 824 545 die,
917 491 918 514 ¹

165 559 232 605 ludoa
250 559 420 612 etrenatioaea,
435 571 491 619 quar
505 564 600 618 quatuor
617 556 712 618 collegia
723 555 825 602 aaoerdo·
917 567 918 594 i

165 630 243 669 tumet
250 623 336 670 rodalca
344 622 483 684 Augustales
491 622 587 674 ederent,
595 619 725 668 decrevere:
737 621 825 666 demum

165 694 193 735 ut
210 688 333 750 rerpublica
347 688 408 733 auaia
423 686 586 748 impudentibus
597 686 655 733 haud
666 686 724 732 ultra
734 691 826 745 peteret,
917 693 918 702 ¹

166 768 196 800 ne
205 753 289 813 quirin
299 759 413 814 porterum
424 752 452 797 ad
469 752 551 796 nimios
567 751 663 796 honores
679 750 811 795 eveheretur
816 764 825 804 ;

165 832 211 894 peu
229 829 269 877 per
285 831 417 894 quemquern
434 816 510 890 alium,
527 829 595 890 quam
603 829 649 890 per
658 814 824 888 imperatoren13

161 889 281 958 portaretur,
297 895 406 927 aanxere:
425 881 479 927 olrrn
489 880 628 934 addanonrr,
643 892 703 925 nunc
714 877 826 940 opprobrn

165 946 305 1073 mflirdffim
315 1010 397 1056 diverd
409 1008 479 1056 Urbis
489 1023 582 1056 aenaua:
601 1009 656 1064 laett,
668 1007 804 1068 quicumque
813 1020 827 1053 a

167 1075 248 1136 Sejano
266 1075 304 1120 rel
316 1071 398 1136 injurii
410 1073 513 1126 hcernti,
533 1073 604 1118 velirr
612 1071 725 1118 beneficiio
742 1071 826 1124 omioni,

165 1139 203 1185 rel
221 1139 318 1185 fortune
334 1137 453 1184 incolentii
470 1137 565 1183 otlenai:
584 1137 659 1185 trittet
675 1151 731 1182 vero
742 1149 769 1181 tte
779 1141 826 1182 tre·
917 1137 918 1158 r

165 1203 218 1264 pidi,
230 1204 339 1249 scelerum
350 1202 413 1257 ancil,
424 1200 592 1262 consanguinei.
603 1199 687 1253 affinea,
699 1199 774 1246 amici.
796 1197 825 1245 In
917 1213 918 1216 ¹

165 1269 207 1313 bac
217 1268 284 1313 etiarn
295 1280 370 1312 rerum
386 1265 557 1326 perturbatione,
576 1265 628 1310 licet
645 1263 714 1310 Urbia
725 1264 827 1310 curtodie

165 1331 331 1391 magistratrbua
345 1330 447 1376 omnibua
467 1327 581 1375 a‘liben'o
596 1329 675 1375 luiaaet
686 1327 826 1382 demandata,
917 1357 918 1360 =

167 1394 329 1442 tumultuentur
339 1394 474 1454 praetoriani,
486 1393 595 1456 indignati
610 1392 650 1439 ribi
661 1391 704 1438 tide
714 1401 738 1438 et
749 1393 827 1438 obser·

165 1457 242 1506 rentii
251 1460 275 1504 ln
292 1459 414 1520 principem
431 1458 513 1518 vigilet
531 1457 600 1504 suinae
615 1457 771 1512 antehabitoa;
787 1459 825 1503 in·

165 1524 250 1576 cendia,
270 1523 404 1584 direptionea
414 1523 516 1576 miscent,
535 1522 587 1568 dum
604 1521 699 1583 populus
709 1522 733 1567 in
745 1521 827 1582 prteci·

164 1604 221 1652 puoa
233 1588 357 1650 SeJ'anianae
368 1587 461 1633 aaeritiae
472 1585 578 1634 satellite·
592 1585 701 1647 irrumpit,
720 1593 744 1632 et
754 1585 826 1647 pluri-

164 1668 253 1700 morum
263 1658 336 1699 morte
345 1660 422 1698 vetera
432 1652 514 1697 damna
524 1651 644 1698 ulciacitur.

198 1714 294 1780 [Pano
314 1716 404 1762 demunt
428 1715 498 1769 Urbe,
522 1715 550 1761 de
571 1714 677 1776 principia
696 1714 827 1770 honoribus,

165 1780 325 1840 Macroniaque
343 1788 367 1826 et
383 1779 482 1826 Laconia
499 1781 597 1840 praemiia
616 1779 724 1826 relatum:
749 1779 829 1826 decre-

164 1853 256 1906 tumque
275 1853 300 1890 ut
317 1842 397 1892 Caeaar
413 1843 482 1890 Pater
492 1843 576 1890 Patriae
593 1843 758 1906 appellaretur3
779 1843 829 1892 dier

165 1912 214 1973 ejua
225 1910 304 1956 nautia
320 1911 397 1956 decern
413 1923 520 1970 equorum
532 1909 688 1955 certaminibus
699 1915 722 1954 et
732 1907 828 1954 amatur

163 1976 230 2037 epulo
246 1975 407 2022 celebraretur:
426 1972 507 2020 consul
522 1971 646 2020 Memmiur
657 1971 763 2082 Repulua
773 1987 828 2018 curn

163 2041 308 2093 aenatoribor,
319 2039 435 2099 equitibus,
446 2045 470 2084 et
480 2037 593 2084 nonnullis
603 2052 617 2083 e
626 2037 690 2099 plebe
709 2038 770 2099 egen
780 2034 829 2085 ca-

163 2118 227 2165 preaa
238 2104 385 2168 mitterentur,
397 2110 421 2148 et
436 2103 529 2164 principi
543 2101 704 2164 providentiam
716 2101 827 2148 salutem·

163 2181 208 2228 que
221 2168 329 2229 publicam
340 2166 511 2229 gratularentur.
544 2163 632 2228 Magni
650 2180 706 2212 vero
718 2165 827 2226 pecunia·

163 2247 213 2277 rum
230 2233 253 2277 vl
267 2240 411 2278 munerantur
430 2231 542 2278 Sertoriua
562 2229 643 2278 Macro
659 2237 682 2276 et
702 2230 828 2278 Graecinus

163 2294 239 2340 Laco:
258 2296 310 2341 huic
327 2310 415 2356 quoque
425 2295 551 2355 quaeatoria,
563 2295 594 2341 illi
605 2294 710 2356 praetoria
725 2295 828 2356 insignia

162 2357 263 2404 decreta:
283 2360 459 2418 permiasuroque
478 2359 589 2413 Macroni,
608 2367 632 2406 ut
643 2359 776 2420 spectaculis
787 2359 828 2404 in·

163 2428 198 2466 ter
216 2427 330 2466 aenatorer
346 2422 469 2476 adsisteret,
491 2423 593 2483 indiaque
611 2423 694 2470 votivis
713 2421 830 2484 praetexti

163 2490 268 2530 muctar.
302 2483 474 2536 Quoalaonorea
492 2495 591 2546 uterque,
612 2487 707 2534 recentia
725 2485 829 2549 exempli

160 2561 244 2610 pavore
253 2547 403 2606 potiusquam
414 2550 529 2605 modeatirl,
542 2549 692 2611 repudiavere.

193 2607 239 2672 [At
248 2607 358 2665 'liberius
370 2611 447 2673 rigata,
465 2629 531 2676 supra
541 2616 675 2670 memoraba,
690 2629 746 2664 mox
762 2627 827 2662 uuu-
