1842 2909
100 126 207 191 nesso.-
234 144 667 197 Annnmuu-nnn1ersso.
719 150 764 195 ιω

96 278 169 323 exitio
178 274 248 325 suere.
269 278 341 326 Sexto
351 280 441 325 demum
453 278 570 325 consulatu
578 274 658 325 Caesar
666 276 762 339 Augus·

96 348 143 394 tus,
154 344 260 403 potentiae
271 358 369 398 securus,
380 360 431 404 quse
441 344 582 389 triumviratu
591 344 694 405 jusserat,
707 342 761 387 abo·

95 406 168 455 levit:
188 408 292 469 deditque
300 410 360 470 jura,
370 410 420 469 quis
431 424 486 470 pace
497 417 520 455 et
530 407 629 469 principe
640 415 761 453 uteremur.

96 471 195 518 Acriora
204 487 234 519 ex
244 488 272 519 eo
282 474 371 529 vincla;
388 474 452 519 inditi
461 474 581 529 custodes3
599 481 622 517 et
629 472 681 533 lege
690 468 761 532 rapis

95 533 199 597 Poppaes
209 538 308 599 praemiis
317 538 409 592 inducti,
418 546 450 591 ut,
460 540 479 584 si
487 553 500 585 a
509 536 633 600 privilegiis
643 544 760 598 parentum

95 608 229 656 cessaretur,
242 602 306 649 velut
320 618 401 663 parcns
418 603 519 663 omnium
541 601 636 665 populus
658 600 761 647 vacantia

95 673 197 713 teneret:
217 667 258 713 sed
270 667 337 714 altius
347 670 492 729 penetrabant
499 684 508 724 5
526 666 664 726 Urbcmque,
675 672 698 711 et
710 663 758 711 Ita·

94 731 158 784 liam,
170 741 194 778 et
203 732 265 791 quod
276 748 369 793 usquam
382 734 472 786 civium,
489 733 654 793 corripuerant:
674 731 758 776 multo·

95 812 193 857 rumque
206 798 276 843 excisi
287 804 372 844 status:
390 805 414 844 et
432 806 504 844 terror
520 796 622 843 omnibus
633 795 758 841 intentaba-

94 868 148 916 tur3
165 862 188 906 ni
199 860 310 916 'liberius
321 862 439 908 statuendo
450 862 555 916 remedio,
566 862 664 922 quinque
675 874 758 906 consu·

93 925 184 980 larium,
196 925 294 987 quinque
304 942 318 973 e
327 928 445 988 pretoriis,
456 928 549 973 totidem
565 940 578 972 e
589 932 671 971 caetero
680 931 759 970 senatu

94 997 159 1036 sorte
167 991 272 1045 drrxisset,
280 992 337 1053 apud
345 1007 401 1052 quos
409 992 506 1039 exsoluti
513 990 612 1051 plerique
622 990 679 1050 legis
688 1002 759 1037 nexus
798 1022 801 1033 ,

92 1054 211 1101 modicum
223 1057 245 1101 in
256 1071 356 1116 praesens
365 1056 518 1103 levamentum
528 1052 599 1101 fuere.

131 1118 230 1165 XXIX.
252 1119 298 1166 Per
314 1121 374 1166 idem
393 1128 482 1181 tempus
502 1118 626 1172 Neronem,
651 1133 663 1163 e
684 1116 760 1167 liberis

98 1184 237 1238 Germanici,
251 1186 300 1247 jam
316 1186 442 1247 ingressum
454 1186 579 1246 juventam,
595 1181 761 1229 commendavit

93 1249 202 1311 patribus,
215 1257 284 1310 utque
293 1264 387 1297 munere
396 1250 526 1311 capessendi
536 1246 703 1310 vigintiviratus
715 1246 760 1292 sol·

92 1321 194 1367 veretur,
210 1322 233 1359 et
249 1314 401 1375 quinquennio
417 1314 531 1367 maturius,
548 1328 614 1373 quam
632 1326 672 1375 per
690 1310 761 1372 leges,

93 1385 235 1438 quaesturam
244 1386 337 1439 peteret,
348 1393 394 1429 uon
403 1380 452 1424 sine
461 1379 527 1425 irrisu
533 1378 670 1424 audientium
681 1382 760 1438 postu·

92 1443 166 1488 lavit:
184 1444 343 1504 praetendebat,
362 1444 403 1489 sibi
419 1450 486 1503 atque
496 1442 559 1489 fratri
575 1442 663 1489 decreta
674 1440 760 1496 eadem,
804 1450 807 1454 '

93 1514 188 1570 petente
196 1506 316 1568 Augusto:
335 1508 375 1554 sed
385 1522 458 1567 neque
470 1514 517 1554 tum
525 1506 596 1554 fuisse
607 1506 760 1561 dubitaverim,

92 1573 134 1633 qui
145 1572 254 1633 ejusmodi
261 1586 340 1633 preces
350 1573 434 1618 occulti
442 1571 573 1618 illuderent:
593 1586 619 1619 ac
631 1580 705 1617 tamen
717 1570 761 1615 ini·

92 1638 128 1683 tia
137 1635 223 1698 fastigii
234 1635 361 1685 Cesaribus
372 1644 448 1693 eraut;
459 1638 577 1699 magisque
584 1638 607 1682 in
619 1636 689 1683 oculis
695 1643 762 1681 vetus

95 1717 156 1755 mos,
175 1710 198 1747 et
218 1701 328 1763 privignis
344 1717 396 1748 cum
418 1702 499 1748 vitrico
515 1701 587 1749 levior
610 1701 758 1757 necessitudo,

92 1782 166 1828 quam
176 1781 219 1812 avo
230 1767 347 1813 adversum
359 1773 471 1829 nepotem·
503 1766 600 1813 Additur
610 1765 760 1830 pontificatus,

93 1839 128 1886 et,
139 1846 185 1892 quo
202 1832 298 1893 primum
309 1833 345 1879 die
355 1830 429 1879 lomm
439 1832 556 1893 ingressus
568 1838 609 1887 est,
620 1830 760 1894 congiarium

93 1896 163 1960 plebi,
178 1896 307 1943 admodum·
316 1896 383 1954 laetae,
398 1897 458 1958 quod
470 1896 601 1944 Germanici
611 1897 702 1958 stirpem
711 1896 760 1958 jam

96 1962 207 2024 puberem
232 1961 373 2022 adspiciebat,
415 1962 518 2008 Aucturn
540 1961 620 2007 dehinc
645 1961 760 2022 gaudium,

96 2026 184 2088 nuptiis
198 2024 297 2072 Neronis
312 2034 336 2073 et
354 2025 429 2081 Juliae,
445 2020 518 2072 Drusi
529 2024 588 2074 filiae.
622 2024 700 2085 thue
711 2025 761 2071 brec

95 2090 199 2139 oecundo
213 2105 309 2145 rumore,
324 2092 356 2137 ita
365 2091 466 2137 adversis
476 2090 556 2137 animis
567 2096 688 2151 acceptum,
700 2089 761 2149 quod
795 2130 796 2135 ,

95 2156 145 2203 filio
155 2153 244 2204 Claudii
255 2170 322 2202 socer,
330 2156 424 2218 Sejanus
432 2156 593 2201 destinaretur:
606 2152 712 2215 polluisse
718 2169 760 2201 no·

94 2222 206 2269 bilitatem
217 2219 308 2266 familiae
318 2220 439 2274 videbatur,
448 2226 620 2281 suspectumque
626 2220 675 2281 jam
686 2218 763 2266 nimiae
796 2232 800 2242 ·
817 2260 818 2263 ,

94 2287 145 2349 spei
157 2285 263 2346 Sepnum
275 2285 334 2331 ultra
344 2285 457 2331 extulisse.
487 2324 489 2331 ,

130 2349 219 2398 XXX.
236 2348 294 2397 Fine
303 2351 356 2397 anni
364 2346 495 2396 concessere
503 2346 550 2395 vitis
560 2348 661 2409 insignes
671 2348 720 2402 viri,
733 2346 764 2395 L.

96 2414 217 2470 Volusius,
234 2422 259 2462 et
274 2415 393 2462 Sallustius
407 2412 509 2475 Crispus.
541 2412 637 2460 Volusio
652 2420 718 2460 vetus
728 2412 762 2459 fa·

96 2483 167 2535 milia,
178 2494 253 2541 neque
262 2487 338 2527 tanen
348 2486 470 2541 praeturam
476 2492 581 2540 egressas
600 2478 648 2539 ipse
658 2477 763 2524 consula·

97 2557 147 2593 tum
156 2546 242 2600 intulit,
253 2544 355 2592 censorii
361 2546 428 2592 etism
434 2550 545 2606 potestate
555 2542 657 2605 legendis
664 2542 764 2602 equitum

96 2611 196 2657 decuriis
205 2609 304 2665 iuramus,
313 2624 433 2673 opumque,
438 2609 490 2670 quis
499 2608 578 2655 domus
584 2608 622 2654 illa
630 2608 763 2651 immensum

96 2677 181 2739 vigur,
189 2676 276 2740 mimus
286 2675 452 2725 accumulatur:
467 2672 581 2737 Crispum,
588 2670 685 2733 equestri
691 2675 766 2717 ortum
