1842 2909
169 199 219 253 ios
253 200 445 252 ANNALIIJM
461 198 566 250 Lolli.
579 200 638 251 cnr.
650 200 690 251 ss.
716 204 775 244 uc
794 208 841 250 tu·

171 336 259 384 leudem
267 333 338 382 Drmi
350 334 493 380 trahebatur:
512 334 540 380 ab
550 334 606 379 eoin
618 334 681 389 urbe,-
690 332 753 378 iuter
763 339 841 378 coetur

170 408 194 449 et
205 414 320 447 sermones
330 400 453 453 hominnm,
468 400 606 453 obversante,
618 405 708 445 secreta·
715 398 788 459 patris
797 396 840 441 mi·

171 466 253 527 tigeri:
273 478 346 524 neque
356 464 423 509 luxus
433 464 457 509 in
464 465 550 525 juvene
561 464 616 510 adeo
627 462 759 524 displicebat
767 478 783 506 :-
795 462 839 523 buc

170 530 245 593 potius
255 528 387 579 intenderet,
398 529 457 574 diem
468 528 608 581 editionibus,
622 536 713 574 noctem
726 524 840 572 conviviis

170 595 276 648 traberet,
288 608 356 653 quam
367 593 434 647 solus,
446 600 470 639 et
481 593 547 639 nullis
558 592 709 653 voluptatibus
720 598 837 643 evocatus,

169 666 275 705 rumdam
285 658 426 719 vigilantiam
437 665 460 703 et
471 656 540 703 melas
551 672 616 703 ouras
625 663 748 702 exerceret.

204 720 355 768 XXXVIII.
372 720 427 768 Non
438 723 499 768 enirn
515 718 624 773 Tiberius,
636 736 682 767 non
694 726 838 767 accusatores

169 786 311 833 fatiscebant.
328 784 361 831 Et
373 786 500 832 Ancharius
512 786 603 831 Priscus
614 784 715 833 Caesium
725 783 836 839 Cordum,

167 849 325 914 proconsulem
337 848 420 902 Cretae,
437 850 587 911 postulaverat
598 850 743 911 repetundIs3
760 849 837 894 addito

169 916 293 979 majestatis
302 914 402 967 crimine,
415 914 475 975 quod
489 923 537 959 tum
554 916 654 961 ornnIum
665 914 837 961 accusationum

169 980 359 1042 complementum
371 986 428 1025 erat.
459 976 538 1025 Caesar
554 978 679 1025 Antistium
691 977 810 1031 Veterem,
822 992 834 1023 e

168 1043 464 1108 primoribus-Macedoniae,
478 1044 603 1089 absolutum
615 1043 723 1098 adulterii,
735 1043 834 1103 increpi-

169 1111 199 1157 tis
206 1110 325 1172 judicibus,
336 1108 364 1154 od
371 1108 488 1153 dicendam
499 1108 620 1169 mejestatis
631 1119 721 1155 causam
732 1108 835 1161 retraxit,

168 1174 329 1228 utturbIdum,
344 1180 368 1218 et
386 1172 561 1233 Rhescuporidis
574 1172 672 1219 consiliis
688 1172 834 1235 permixtum,

169 1236 214 1300 qui
230 1243 369 1299 tempestate,
387 1235 463 1298 Cotye
481 1236 604 1291 Interfecto,
620 1237 704 1283 bellum
726 1237 836 1284 adversm

171 1317 213 1349 nos
229 1303 339 1348 volverat.
370 1299 446 1363 Igitur
459 1300 519 1361 aqui
530 1302 569 1347 eti
588 1302 610 1348 ni
625 1302 769 1348 interdictum
788 1318 834 1357 reo,

170 1367 346 1427 appositumque,
354 1372 380 1411 ut
389 1372 502 1412 teneretur
512 1318 591 1421 intuli,
604 1381 677 1427 neque
688 1366 835 1415 MacedonIae

169 1444 243 1491 neque
252 1429 357 1476 Thraciae
367 1428 498 1491 opportuni.
524 1430 584 1477 Narn
593 1430 696 1486 Threcia,
708 1432 781 1478 diuiso
793 1434 837 1479 inr·

169 1496 232 1559 perio
241 1497 266 1542 in
281 1494 454 1541 Rboemetalcen
466 1502 490 1541 et
503 1495 584 1541 liberos
596 1493 684 1555 Cotyis,
696 1494 748 1557 quis
760 1498 789 1542 ob
801 1499 837 1544 in-

168 1559 262 1607 fantiam
281 1566 343 1605 tutor
363 1566 412 1618 erat
433 1558 588 1606 Trebellienus
609 1560 692 1615 Rufus,
714 1562 837 1610 insolentii

170 1626 250 1679 nostri,
261 1624 346 1671 discors
358 1625 454 1686 agebet3
472 1638 545 1685 neque
562 1626 636 1671 minus
651 1624 835 1683 Rboemetalcen,

170 1686 428 1749 quem-Trebellienum
446 1690 559 1745 Incussus,
579 1691 720 1751 popularium
738 1692 835 1754 lnjuriss

170 1754 255 1799 inultm
271 1754 351 1800 sinere.
384 1751 481 1801 coeletae
499 1752 639 1815 Odrusaeque
653 1760 678 1801 et
691 1754 740 1807 Dii.
752 1757 835 1805 validae

169 1818 280 1872 nationes,
290 1831 352 1865 erma
362 1815 448 1879 cepere.
455 1818 548 1865 duribus
559 1820 658 1874 diversis,
667 1828 690 1867 et
701 1821 792 1881 paribus
801 1824 837 1870 in-

168 1889 204 1929 ter
212 1897 237 1929 se
246 1897 287 1944 per
295 1882 470 1943 ignobilitatem
490 1884 671 1942 quaecausaiuit,
679 1886 740 1931 uein
752 1886 837 1935 bellam

171 1955 237 1994 atrox
252 1948 410 1994 coalescerent.
445 1946 503 1993 Pars
524 1949 614 1995 turbant
634 1952 771 2010 praesentim
801 1953 838 2000 elii

170 2021 272 2059 montem
284 2011 393 2059 Haemum
404 2010 605 2072 transgrediuntur,
617 2022 642 2059 ut
650 2023 750 2061 remotos
761 2028 835 2078 popu-

170 2077 207 2123 los
217 2078 345 2123 concirent:
363 2076 453 2137 plurimi
469 2090 495 2122 sc
509 2078 607 2125 maxime
617 2079 742 2140 compositi,
755 2094 835 2143 regem
913 2074 914 2113 l

171 2141 293 2201 urbemque
303 2140 490 2203 Philippopolim,
508 2156 522 2187 a
541 2141 667 2189 Macedone
682 2142 789 2207 Philippo
805 2145 835 2192 oi.
913 2176 914 2207 p

171 2213 226 2259 tam,
235 2206 402 2254 circumsidunt.

204 2267 330 2315 xxm.
346 2270 407 2324 (ω
424 2271 461 2317 uu
478 2271 571 2333 cogno
590 2270 720 2327 eveum,
738 2273 770 2335 (as
781 2287 834 2335 pro
913 2242 914 2285 ³

170 2334 258 2380 xlmam
278 2335 402 2381 exercitum
424 2332 568 2396 presidebat)
594 2336 676 2383 olarios
697 2338 835 2398 equites'no

170 2397 233 2443 lever
242 2398 368 2443 cohortium
376 2399 445 2445 mittit
452 2400 475 2445 in
485 2414 531 2454 eos,
539 2402 577 2459 qui
586 2402 736 2462 praedabundi,
748 2410 789 2451 aut
799 2416 835 2454 as-

170 2460 286 2507 sumendis
299 2462 393 2517 auxiliIs,
399 2465 549 2525 uagabantur.
582 2462 636 2527 Ipse
651 2466 719 2512 robur
732 2468 835 2529 peditum

170 2524 371 2571 edexsolvendum
389 2528 498 2573 obsidium
517 2528 584 2575 ducit
619 2530 736 2591 Simulque
753 2542 837 2581 cuncta

169 2599 277 2649 prospere
293 2597 353 2633 octa:
376 2591 441 2635 caesis
457 2592 630 2652 populatoribus,
653 2602 681 2641 et
694 2596 837 2645 dissensione

169 2649 224 2706 orti,
230 2652 290 2720 apud
299 2652 431 2709 obsidentes*
449 2657 553 2717 regisque
570 2658 695 2721 opportuni
709 2663 841 2723 eruptione,
