1842 2909
100 130 157 172 sc.
166 134 200 170 21.
246 127 682 179 nunsuuaanu.111:cis.4e.
715 136 761 181 109

83 265 128 304 'et
138 259 234 305 adveatu
245 259 354 321 legionist
373 274 447 319 neque
464 260 534 306 aciem
550 267 589 307 aut
603 261 708 321 proelium
719 261 763 307 dici

101 323 208 375 decuerit,
224 325 248 369 in
258 338 305 383 quo
314 338 436 370 aemmmes
445 340 471 370 ac
479 324 579 385 palantes
590 326 692 373 trucidati
703 334 763 381 sunt,

101 388 364 449 tinenostrosangulne

93 479 100 498 r
135 451 193 498 XL.
208 452 297 499 Eodem
310 467 369 499 nnno
384 452 509 500 Galliarum
520 454 621 501 civitates
632 456 661 501 ob
672 456 760 517 magni-

100 516 202 563 tudinem
221 519 273 563 aeris
294 517 359 563 alieni
378 517 520 563 rebellionem
542 516 682 581 coeptavire5
699 522 763 582 cujus

100 582 258 629 exstimulatur
268 582 396 634 acerr'nnus,
406 582 465 627 inter
472 580 584 629 Treveros
592 582 608 631 J
609 584 667 630 nlius
674 578 761 639 Florus,
769 590 772 599 '

100 646 162 707 tpsrd
172 646 261 693 AEduos
271 646 345 694 Julius
357 646 468 693 Sacrovir.
500 646 612 694 Nobilitas
622 650 728 695 nmbobus
739 656 763 697 et

99 712 212 771 majorum
223 710 356 763 benefacta,
367 725 439 770 eoque
445 710 549 758 Romana
557 712 635 759 civius
643 713 696 759 olim
704 714 761 769 data,

100 780 156 821 mim
166 776 190 820 id
200 790 281 831 rarum,
295 790 337 821 nec
347 776 390 821 nisi
400 776 478 821 virtuti
488 778 584 837 pretium
595 784 660 823 esset.
693 776 714 823 Ii
725 794 762 824 se·
840 780 842 787 '

99 840 170 885 cretis
185 840 308 901 colloquiis,
325 838 464 886 ferocissimo
483 855 571 901 quoque
594 849 706 900 assumto,·
723 848 763 889 aut

100 903 182 963 quibus
196 905 224 950 ob
238 912 361 966 egestatem
371 918 398 950 ac
412 911 497 950 metum
513 920 542 950 ex
559 904 649 967 flagitiis
665 908 763 955 maxima

93 969 210 1029 peccandi
216 969 363 1022 necessitudo,
374 975 518 1029 componunt,
528 968 609 1016 Florus
617 969 707 1031 Belgas,
720 972 761 1018 Sa·
838 996 840 999 ·

93 1034 178 1079 ‚erosit
187 1033 301 1094 propiores
312 1033 392 1080 Gallos
402 1034 498 1079 concire.
522 1031 597 1095 Igitur
606 1048 646 1094 per
657 1036 761 1083 concilia·

99 1096 156 1162 lsula
165 1104 189 1143 et
199 1098 387 1144 coetusseditiosn
396 1097 539 1151 disserebant,
557 1098 585 1143 de
595 1098 763 1145 continuatione

99 1162 242 1215 tributorum,
258 1162 370 1223 gravitate
381 1161 481 1216 ioenoris,
504 1160 591 1209 saevitii
609 1178 635 1209 nc
657 1164 761 1224 superbit

98 1227 285 1287 presidentium:
304 1235 328 1273 et
345 1226 472 1273 discordare
487 1227 587 1280 militem,
607 1229 682 1275 audito
700 1228 760 1275 Ger-

98 1291 273 1338 mmiciexitio:
292 1293 410 1354 egregium
417 1292 657 1353 resumendacllbertati
666 1300 761 1355 tempus,

97 1356 120 1402 si
131 1356 175 1416 ipsi
184 1355 297 1410 florentes,
307 1372 374 1417 quam
382 1357 446 1417 inops
457 1354 529 1411 Itulia,
540 1371 606 1417 quam
616 1358 711 1405 imbellis
723 1374 760 1405 ur.-

95 1421 160 1470 bnon
169 1420 253 1481 plebes,
269 1421 325 1470 nihil
339 1422 437 1467 ualidum
453 1421 477 1467 in
488 1422 627 1476 exercitibus,
644 1423 687 1470 nisi
701 1424 760 1483 quod

98 1490 228 1537 externum,
239 1486 372 1548 cogitarent.

89 1576 97 1587 ·-
134 1547 204 1595 XLI.
220 1548 291 1597 Haud
306 1550 377 1597 ferme
392 1550 439 1597 ulla
450 1550 528 1598 civitas
542 1552 626 1599 intuetu
640 1549 776 1598 seminibus·

93 1615 151 1675 gius
161 1614 236 1661 motlls
245 1614 301 1661 snt:
320 1616 361 1662 sed
370 1613 466 1677 erupere
472 1616 538 1678 primi
549 1616 665 1663 Andecavi
673 1632 698 1663 ac
710 1614 760 1663 Τυ-

97 1678 175 1733 ronii3
195 1694 288 1739 quornm
306 1679 440 1727 Andecavos
455 1680 543 1727 Acilius
559 1681 649 1735 Aviola,
665 1680 760 1741 legatus,

92 1741 176 1789 acite
194 1745 292 1798 cohorte,
313 1760 365 1805 quae
376 1743 491 1805 *Lugduni
510 1745 636 1806 praesidiurn
656 1746 760 1807 agitabat,
779 1778 782 1784 -

98 1807 208 1853 cuircuit.
240 1808 340 1857 Turonil.
348 1808 471 1871 legionmio
481 1810 558 1863 milite,
574 1824 640 1869 quem
653 1808 761 1856 Visellius

98 1870 184 1925 Varro,
195 1871 306 1920 inferioris
317 1874 446 1922 Germaniae
453 1874 548 1934 legatus,
559 1876 656 1927 miserat
667 1884 759 1935 oppresis

92 1935 130 1992 ‚aie
142 1936 223 1983 eodem
233 1935 316 1985 Artori
325 1938 387 1992 duce,
404 1945 428 1983 et
437 1938 567 1998 quibusdam
579 1938 703 1983 Galliarum
714 1939 760 1997 pri·

94 2001 219 2057 'moribus;
234 2004 273 2063 qui
283 2000 354 2048 tulere
364 2002 478 2057 auxilium,
490 2017 534 2063 quo
545 2002 710 2048 dissimularent
720 2002 759 2049 dee

96 2064 229 2120 lectionem,
237 2066 353 2127 magisque
362 2067 386 2111 in
394 2073 495 2127 tempore
505 2064 615 2111 efferrent.
643 2066 761 2127 Spectatus

91 2139 124 2181 et
143 2131 255 2184 Sacrovir,
274 2132 359 2177 intecto
376 2132 454 2191 capite,
473 2144 572 2191 pugnarn
591 2144 632 2191 pro
650 2128 760 2177 Romania

92 2196 170 2250 ciens,
187 2196 332 2249 ouentandae,
348 2201 375 2241 ut
389 2194 480 2248 ferebat,
495 2195 596 2241 vinutis:
616 2194 655 2239 sed
672 2194 760 2256 captiui,

90 2274 130 2307 me
140 2260 289 2307 incesseretur
299 2260 356 2314 telis,
372 2258 539 2320 quemdum
551 2274 577 2304 se
586 2258 712 2319 prebuisse,
723 2274 760 2305 ar·

92 2324 208 2385 guehnnt.
239 2321 362 2372 Consultns
371 2339 438 2385 snper
452 2339 480 2369 eo
490 2321 600 2375 Tiberius.
617 2323 761 2386 adspernatus

92 2396 140 2435 rest
146 2389 261 2442 indicium,
272 2389 370 2449 aluitque
380 2388 517 2435 dubitatione
526 2388 616 2435 bellum.

91 2484 96 2492 .
133 2451 219 2499 XLII.
234 2451 329 2499 Interim
345 2452 427 2500 Florus
439 2453 542 2503 insistere
556 2453 679 2506 destinatis,
696 2451 760 2513 pelli·

93 2532 153 2568 cere
163 2517 222 2564 alem
233 2518 409 2577 equitumque,
419 2516 546 2579 conscripta
555 2516 667 2571 Treveris,
682 2514 762 2563 militid

92 2580 263 2642 ⁴disciplinhque
273 2580 351 2629 nostri
360 2582 486 2637 habebatur,
496 2588 527 2637 ut,
538 2582 603 2629 caesis
614 2581 761 2645 negotiatori·

98 2650 142 2695 bus
156 2646 514 2713 -Romanislbellum'iuciperetz
535 2646 643 2709 puncique
661 2646 761 2709 equitum

135 2726 189 2759 von.
202 2726 219 2758 r.
558 2726 574 2757 n
