1842 2909
127 118 227 158 ΜΝ.
272 112 462 163 ANNALIUM
479 113 532 163 Lm.
543 112 708 166 NCM&
741 120 784 167 141

122 244 208 299 ¹ueniri,
220 244 238 290 ai
249 245 420 306 cuned'quibua
429 245 520 293 libertae
531 247 620 293 servitio
630 247 710 309 potior,
722 247 786 295 incu-

127 309 234 363 buiaieut,
244 317 313 370 auget
328 310 394 365 vires,
412 312 534 372 potitinque
544 312 628 366 contria,
640 310 786 358 Thubuscum

126 373 234 435 oppidum
244 374 392 420 circumsidet.
426 375 458 421 m
465 372 589 430 Dolabella,
597 384 718 430 contrecto,
727 378 787 437 quod

126 444 178 484 erat
188 438 291 492 milium,
302 446 387 485 terrore
397 439 494 486 nominis
505 439 608 493 Romani,
626 448 655 495 et,
670 442 722 501 quia
733 440 785 487 Nu·
833 476 835 481 ,

126 503 197 548 midae
219 503 318 563 peditum
340 503 411 549 aciem
431 502 490 549 ferre
511 513 629 564 nequeunt,
657 507 729 567 primo
751 507 785 553 aui

124 567 216 613 iaceaeu
226 567 294 615 noluit
303 566 420 620 obsidium,
437 567 581 629 locorumque
594 577 717 631 opportuna
733 586 784 631 per·

125 631 235 677 munivit:
254 632 321 678 aimul
330 632 441 693 principes
451 632 630 688 Musulanorum
638 633 784 681 desectionem

124 702 259 757 ooepaacea,
275 697 348 743 aecuri
356 696 459 758 percutit.
492 696 561 751 Dein,
576 698 627 758 quia
636 698 735 759 pluribua
745 700 785 745 ad·

124 774 218 807 vernum
228 758 392 807 Teofarinatem
407 761 582 821 expeditionibus
597 764 719 825 cognitum,
738 760 793 811 non‘

124 825 251 887 graviaco
258 840 303 871 uno
313 826 403 871 incurau
408 826 581 873 oonaectandum
589 828 676 873 bostem
688 842 784 889 vagum

125 889 204 935 excito
224 904 275 936 cum
296 890 437 952 popularibus
458 906 513 953 roge
534 889 665 946 Ptolemaeo,
689 900 784 951 quatuor

125 954 219 1015 agmina
234 961 303 1015 parat,
330 970 382 1015 quae
400 955 480 1017 legatia
502 960 540 1001 aut
561 956 654 1001 tribunis
673 957 733 1002 data:
761 962 784 1003 et

124 1018 271 1079 pmdatoriaa
285 1033 365 1065 manua
376 1018 456 1065 delecti
467 1018 600 1065 Maurorum
619 1017 716 1066 duxere:
736 1020 783 1081 ipsa

122 1082 446 1130 oemultoraderatomnibua.

160 1145 243 1193 XXV.
254 1147 304 1194 Noc
311 1148 383 1193 multo
389 1154 441 1209 post
448 1146 544 1203 affertur,
553 1147 663 1197 Numidae
670 1149 728 1211 apud
734 1164 782 1196 cae·

124 1210 206 1258 celum
217 1213 354 1267 oemiruturm
367 1213 395 1259 ab
413 1213 467 1275 ipoia
483 1214 593 1273 quondam
605 1214 727 1269 incensum,
747 1215 783 1261 cui

123 1289 211 1323 nomen
231 1276 317 1331 Auzea,
334 1277 413 1337 positia
429 1276 550 1338 mapalibus
566 1278 707 1336 consediaae3
731 1277 783 1325 iinon

124 1340 185 1395 ioco,
205 1341 258 1400 quia
267 1345 337 1387 nautia
346 1343 431 1387 circum
442 1342 533 1389 mitibus
543 1342 689 1389 claudebatur.
722 1342 782 1389 Tum

123 1403 238 1466 expeditae
243 1406 346 1452 cobortea
352 1405 444 1467 uimque,
449 1421 517 1466 quam
525 1407 548 1453 in
556 1412 641 1467 partem
650 1408 783 1455 ducerentur

124 1470 219 1531 ignarae,
236 1470 282 1516 cito
300 1470 390 1531 agmine
408 1472 530 1531 rapiuntur.
563 1471 679 1531 Simulque
695 1479 783 1533 cceptua

124 1535 181 1589 dieo,
198 1539 221 1579 et
237 1543 348 1581 concentu
362 1535 464 1581 tubarum
481 1549 507 1581 ac
518 1536 575 1581 truci
586 1536 681 1582 clamore
692 1537 784 1582 aderent

124 1598 275 1644 aemiaomnoa
296 1599 320 1644 in
344 1599 472 1654 barbarum,
486 1600 612 1661 praepeditin
634 1598 783 1647 Numidarum

123 1663 198 1723 equis,
214 1669 254 1709 aut
271 1663 371 1709 diversos
384 1671 461 1723 pastun
476 1664 645 1723 perermntibun.
679 1664 715 1711 Ab
733 1663 782 1711 Ro·

124 1727 200 1773 mania
220 1726 334 1773 confertua
354 1728 428 1788 peden,
456 1727 570 1788 dispositae
591 1735 678 1782 turmae,
702 1736 784 1777 cuncta

125 1791 208 1853 proeiio
228 1792 327 1851 provisa:
350 1792 451 1839 hostibua
471 1800 554 1845 contre
577 1794 676 1838 omnium
695 1793 783 1848 nesciis,

125 1870 175 1903 nou
192 1869 259 1910 arma,
277 1871 323 1902 uon
342 1856 469 1910 ordo,.non
480 1857 608 1902 concilium:
628 1858 667 1902 sed
678 1872 783 1919 pecorum
883 1878 885 1881 ·

124 1919 195 1967 niodo
213 1920 277 1975 trabi,
294 1920 371 1976 occidi,
388 1920 443 1982 capi.
476 1918 581 1967 infensus
597 1921 661 1967 milen
678 1918 785 1967 memorii

125 1984 235 2040 laboratur,
245 1991 269 2031 et
277 1984 393 2031 advermm
401 1984 516 2031 eludentea
527 1992 609 2045 optatae
616 1986 682 2031 toties
692 2000 783 2047 pugne,

126 2064 155 2097 ae
166 2050 261 2110 qrriaque
270 2048 355 2095 ultione
363 2055 387 2094 et
396 2049 506 2109 aanguine
516 2049 640 2109 explebant.
673 2048 784 2097 Differtur

124 2129 168 2176 per
177 2113 309 2174 manipulos,
320 2112 484 2159 Tacfarinatem
496 2128 579 2167 omnen,
592 2120 669 2159 notum
678 2120 712 2160 tot
722 2129 783 2175 proe·

123 2178 170 2232 iiia,
181 2184 351 2224 connectentur:
370 2192 422 2231 non,
432 2178 475 2223 nini
486 2178 541 2223 duce
552 2177 675 2230 interiecto.
685 2180 783 2239 requiem

124 2243 179 2290 beiii
188 2242 244 2288 iore.
276 2242 310 2287 At
320 2242 364 2295 ille,
372 2242 463 2303 dejectis
470 2243 553 2287 circum
565 2242 710 2304 atipatoribus,
719 2250 782 2290 vinc-

123 2308 250 2368 toquejam
260 2305 313 2360 iiiio,
332 2314 355 2352 et
365 2306 441 2353 effusis
450 2306 549 2367 undique
564 2305 679 2361 Romanis,
698 2308 782 2355 ruendo

123 2373 150 2418 in
161 2372 213 2426 tela,
220 2372 370 2431 captivitatem
380 2372 439 2417 baud
445 2369 517 2417 inuiti
524 2380 596 2417 morte
604 2370 688 2433 effugit.
714 2370 783 2433 laque

124 2435 179 2483 tinia
189 2437 257 2481 armis
268 2436 390 2497 impositus.
591 2491 594 2499 Δ

160 2498 258 2546 XXVI.
276 2497 401 2547 Dolabella·
409 2500 494 2561 petenti
505 2501 581 2547 abnuit
591 2501 731 2561 triumphalia
741 2498 782 2545 'Ii-

125 2565 209 2619 beriua,
220 2564 302 2626 Sejano
309 2564 415 2619 tribuens,
426 2580 455 2611 ue
466 2564 542 2619 Blaesi,
555 2564 658 2611 avunculi
669 2566 723 2624 qiua,
734 2562 782 2609 laur

124 2630 283 2684 cbaoieaceret.
315 2629 359 2676 Sed
374 2644 448 2691 neque
464 2628 553 2677 Blaeaua
564 2630 614 2677 ideo
624 2628 744 2682 illustrium
761 2631 784 2670 et
