1842 2909
151 138 185 185 eo
233 130 426 182 ANNALIUM
437 130 549 179 L12111.
560 129 652 181 cnr.
702 134 822 181 uem
914 98 915 105 ’

153 266 217 313 nium
229 264 337 325 gernitus:
351 278 425 323 neque
435 262 579 316 discerneres,
590 261 713 323 proximos,
726 262 822 319 alienos,

154 332 254 377 virorum
260 328 422 375 sentinammve
432 328 551 389 planctum
564 326 607 373 nisi
617 327 678 387 quod
688 327 822 390 comitatum

154 394 295 458 Agrippinae,
309 393 381 455 longo
391 406 489 439 moerore
504 390 595 446 sessum,
613 392 709 443 obviiet
720 399 824 439 recentes

152 460 178 507 in
189 459 266 505 dolore
275 458 397 504 anteibant.

189 521 224 569 Il.
239 522 336 570 Miserat
354 523 410 569 duas
428 522 545 583 praetorias
559 521 663 567 cohortes
675 519 763 576 Caesar,
780 522 821 569 ad-

154 588 207 643 dito,
228 596 255 634 ut
264 587 408 650 magistratus
424 584 535 636 Calubrire
551 586 665 649 Apulique
675 594 698 632 et
710 584 822 648 Campani

152 652 469 779 ttffintirttttit
479 648 822 775 litlrttttlltitt

155 780 243 833 cineres
262 782 424 843 portabuntur3
448 749 605 841 piaeoedebant
626 780 726 829 incomta
740 781 820 841 signa,

155 848 215 893 versi
229 845 314 892 farem
334 854 408 905 atque,
429 846 466 891 ubi
486 845 585 891 colonias
603 845 820 906 transgrederentur,

155 918 227 957 atrata
236 910 319 971 plebes,
338 910 431 956 trabeati
441 911 534 971 equites,
552 926 592 971 pro
604 910 682 971 opibus
696 910 748 963 loci,
766 926 821 957 res·

155 982 211 1032 tem,
222 976 309 1030 odores,
325 974 411 1037 aliaque
420 973 525 1021 funerum
538 973 653 1031 sollennia,
672 975 818 1024 cremabant:

153 1042 220 1088 etiarn
232 1056 327 1102 quorum
338 1040 426 1086 diversa
436 1040 525 1101 oppida,
536 1047 611 1086 tarnen
628 1039 693 1093 obvii,
711 1046 734 1085 et
751 1040 821 1087 victl·

154 1122 203 1153 mas
214 1114 281 1167 atque
291 1119 340 1152 aras
351 1103 405 1151 Diis
417 1103 525 1151 Manibus
536 1109 666 1157 statuentes,
677 1104 784 1165 lacrymis
797 1114 822 1152 et

154 1171 367 1218 conclamationibus
376 1169 477 1215 dolorem
487 1169 631 1215 testabantur.
655 1167 748 1216 Drusus
759 1166 821 1216 Ter-

154 1237 252 1283 racinam
269 1248 402 1297 progressus
419 1241 460 1288 est,
481 1246 532 1279 cum
544 1231 640 1281 Claudio
651 1232 720 1279 fratre
729 1234 821 1281 liberis-

153 1316 199 1362 que
221 1299 358 1353 Germanici,
380 1299 418 1358 qui
440 1298 541 1345 in'urbe
562 1297 657 1345 luerunt.
697 1296 820 1356 Consules,

153 1396 180 1444 U
191 1394 212 1444 c
228 1397 273 1442 773
314 1361 351 1408 Μ.
362 1361 467 1409 Valerius
486 1369 509 1409 et
521 1361 549 1411 C.
562 1362 675 1416 Aurelius,
687 1364 744 1426 (jam
756 1365 819 1411 enim

159 1428 219 1510 J‘c'
226 1427 282 1507 ω’·
314 1428 471 1491 magistratum
483 1426 635 1491 occoeperant)
648 1434 671 1473 et
682 1436 780 1483 senatun,
791 1445 819 1477 ac

314 1508 398 1555 magne
413 1507 468 1555 pars
486 1492 569 1555 populi,
587 1490 647 1539 vium
666 1490 817 1555 complevere,

151 1556 245 1622 disiecti,
256 1566 285 1613 et,
297 1565 324 1605 ut
333 1558 413 1618 cuique
423 1558 518 1611 libitum,
529 1556 625 1605 flentes:
645 1556 720 1604 aberat
733 1559 819 1621 quippe

151 1625 256 1679 adulatio,
273 1624 351 1685 gnaris
368 1623 478 1677 omnibus,
495 1622 570 1669 laenrn
582 1619 673 1669 Tiberio
684 1623 818 1673 Germanici

151 1696 247 1737 mortem
258 1688 318 1735 male
326 1687 467 1735 dissimulari.

183 1751 232 1801 III.
247 1751 352 1804 liberius
370 1760 437 1814 atque
454 1751 561 1815 Augusta
574 1752 663 1815 publico
680 1750 815 1811 abstinuere,

150 1817 243 1865 inferius
254 1819 370 1881 mrrJ'estate
381 1815 422 1864 sui
431 1817 483 1874 rati,
503 1817 522 1863 si
539 1816 612 1879 pelam
630 1816 814 1875 lamentarentur,

151 1898 188 1939 an,
199 1899 235 1939 ne,
253 1883 354 1929 omnium
365 1882 436 1929 oculis
454 1882 542 1930 vultum
559 1896 636 1929 eorum
655 1882 814 1939 scrutantibus,

149 1947 200 1997 fulsi
210 1946 407 2010 intelligerentur?
427 1946 528 1995 Matrem
545 1946 671 1994 Antoniam
690 1963 736 1994 non
754 1949 815 2010 apud

149 2022 253 2063 suctores
267 2029 349 2067 rerum,
369 2028 415 2059 non
430 2010 510 2059 diurni
528 2018 629 2059 actorum
642 2010 758 2075 scripturi,
777 2029 813 2060 re

147 2079 217 2140 perio,
226 2078 272 2125 ullo
283 2079 367 2140 insigni
374 2077 449 2123 officio
455 2076 572 2134 lurrctam;
584 2092 642 2131 cum,
651 2091 718 2139 super
726 2076 813 2141 Agrip-

148 2144 224 2205 pinum
235 2150 259 2190 et
269 2141 372 2189 Drusum
383 2149 407 2189 et
418 2140 545 2197 Claudium,
564 2143 639 2189 caeteri
655 2157 745 2203 quoque
755 2158 812 2189 con-

147 2207 266 2268 sanguinei
282 2207 414 2255 nominafim
424 2206 540 2269 perscripti
551 2206 608 2253 sint:
628 2222 668 2253 seu
683 2207 814 2255 valetudine

147 2272 330 2334 praepediebatur,
348 2287 389 2320 seu
403 2272 477 2321 victus
495 2272 559 2318 luctu
574 2272 662 2319 animus
672 2272 811 2333 magnitudi-

146 2351 199 2386 nem
216 2336 269 2382 mali
288 2334 386 2397 perferre
404 2337 455 2384 visu
478 2352 524 2383 non
545 2334 679 2383 toleraverit
713 2334 813 2387 Facilius

145 2400 284 2455 crediderim,
295 2399 387 2448 'liberio
397 2408 421 2447 et
431 2400 545 2462 Augusti,
556 2402 595 2463 qui
606 2402 673 2453 domo
684 2416 730 2447 non
742 2417 811 2449 exce·

145 2464 233 2539 debant,
245 2464 371 2520 cohibitam,
386 2470 412 2512 ut
421 2480 462 2526 par
472 2479 563 2541 interut,
583 2473 607 2511 et
616 2466 694 2513 mauis
705 2466 811 2529 exemplo

139 2530 708 2657 ¹milli!‘illies,etqsstlllelllrbignllimbillirlllllgsisti
724 2593 809 2643 insere·

140 2657 232 2721 bantur,
247 2657 315 2729 modo
325 2671 366 2722 per
374 2656 490 2707 silentium
500 2665 584 2719 vastus
604 2660 680 2722 modo,
686 2658 810 2731 ploratibus
