1842 2909
158 111 206 162 258
328 101 635 160 ,SUPPLEMENTUM
706 105 737 145 11.
746 107 833 155 (2:19⁴.

160 237 212 293 lius,
229 237 261 284 ita
275 235 304 284 ud
320 235 404 283 malum
420 233 475 280 nihil
491 233 604 288 nodados,
620 241 714 296 propter
731 242 837 297 spretum

163 317 227 380 ouem
241 302 354 354 virtutem,
370 301 485 362 ipsamque
502 297 553 346 caii
561 299 746 347 benevolentiam
758 300 838 348 infeu-

164 383 305 494 Qi'siugnu,
313 443 469 490 quoscumque
478 394 753 478 noverantdomiustioue
761 429 837 476 offen-

164 511 209 550 sos,
227 495 300 542 socios
315 493 421 556 deligere,
440 507 487 540 non
503 499 529 539 ut
544 493 668 554 periculum
685 493 838 548 declinarent,
911 514 912 551 i

164 560 205 608 aed
224 566 250 605 ut
268 559 374 606 societate
392 558 538 604 valescerent
576 556 687 603 Omnium
710 559 839 606 acerrimus

166 622 268 678 Chaerea,
281 624 467 686 praetorianorum
477 623 585 676 mnuuus,
597 623 688 683 singula
699 623 834 671 obsmvare:

164 689 272 752 principis
282 687 391 739 libidines,
405 701 520 734 sacrorum
531 701 619 740 arcana
630 687 781 748 vectigalium
792 689 836 734 im·

166 753 305 807 manitatem,
320 752 397 814 populi
410 752 492 805 luctus,
507 758 606 798 suasmet
619 752 722 812 injurios,
737 768 793 800 cum
807 755 838 799 ob

167 818 329 866 humanitatem
345 825 368 864 et
383 817 407 862 in
424 817 543 877 exigendis
561 816 711 877 vectigalibus
729 819 836 864 modera-

167 883 253 930 tionem
264 897 277 929 a
287 881 393 946 principe,
407 881 446 940 qui
456 881 530 926 virilia
538 881 615 927 omnin
628 887 730 936 exuent,
747 890 775 928 ut
785 898 837 930 mu-

168 948 246 994 liebria
261 953 388 998 ostentaret,
407 945 509 992 mollitiei
527 952 673 1006 argueretur5
696 953 729 1001 et,
745 949 838 1008 quoties

168 1013 259 1074 rignum
270 1013 365 1074 petebat,
375 1009 479 1064 Veneris,
491 1008 616 1070 Cupidinis.
626 1009 735 1071 Prispive
747 1027 838 1074 semper

169 1077 285 1138 occiperet,
294 1077 316 1122 in
325 1075 423 1122 crimina.
432 1090 555 1136 cuususque
562 1076 630 1122 caedis
638 1089 796 1137 exaggerare:
809 1077 836 1124 ad

167 1141 256 1188 facinus
266 1141 370 1192 adscitos,
382 1140 491 1192 laudibus,
502 1141 611 1201 exemplis
620 1141 754 1187 accendere.

202 1203 272 1268 [Ejus
293 1204 386 1252 consilia
403 1203 475 1251 fenne
492 1206 603 1266 oppressit
621 1219 694 1252 casus.
733 1205 836 1259 Quidum

168 1271 229 1320 enim
241 1269 353 1316 Timidius
364 1267 520 1331 Pompedium,
531 1277 665 1322 sennonem,
675 1270 752 1330 gestis
761 1271 836 1331 megi-

169 1334 275 1381 atrotibua
289 1335 409 1394 insignem,
424 1341 472 1380 tum
485 1333 605 1395 Epicureae
615 1333 700 1380 scholae
711 1333 803 1394 placitis
812 1335 836 1379 in
911 1348 912 1387 i

169 1397 216 1458 otis
233 1397 363 1452 resolutum,
380 1399 527 1460 coniurationi
546 1405 621 1444 tamen
636 1398 753 1452 innexum,
773 1400 836 1459 quusi

169 1462 283 1526 probrosis
297 1463 436 1509 sermonibus
450 1463 573 1524 principem
583 1462 696 1517 illusisset,
712 1465 836 1524 mejestatis

170 1527 301 1583 mcessivit3
321 1528 429 1588 petiitque
445 1533 471 1572 ut
488 1525 605 1581 Quintilis,
622 1526 738 1573 theatricis
754 1529 835 1589 operis.
910 1564 911 1571 ,

171 1591 245 1641 venali
260 1592 430 1653 pulchritudine,
444 1597 468 1637 et
483 1589 601 1652 Pompedii
613 1589 755 1652 aliorumque
765 1593 835 1654 pluri·

171 1671 259 1704 morum
271 1657 382 1703 amoribus
395 1654 488 1709 famosa,
503 1670 543 1716 per
556 1662 670 1702 tormenta
682 1657 836 1718 interrogare-
909 1700 910 1727 i

169 1729 215 1768 tur.
248 1718 337 1767 Annuit
349 1718 431 1776 Caius3
449 1735 476 1766 ac
490 1734 520 1765 ne
534 1719 587 1778 quid
597 1719 759 1780 suppliciorum
772 1737 834 1768 ocer-

169 1785 235 1832 bitati
245 1785 339 1838 deesset,
346 1786 424 1847 jussus
431 1782 584 1836 ,Chaereeeum
591 1785 711 1844 quaestioni
720 1787 834 1848 subjicere,
908 1824 909 1837 ,

171 1850 195 1896 in
210 1855 322 1896 tormenta
337 1865 364 1896 eo
379 1850 451 1911 magis
467 1849 593 1902 duraturus,
606 1863 652 1908 quo
667 1849 735 1896 toties
749 1852 836 1914 objecta
908 1874 909 1877 =

171 1914 273 1964 mollitiei
284 1914 377 1960 crimine
387 1915 460 1976 magis
470 1914 562 1960 odisset.

206 1977 267 2042 [His
284 1979 389 2040 vulgatis,
408 1979 491 2040 ingens
508 1977 552 2024 fuit
569 1978 736 2040 conjuratorum
755 1988 836 2027 metus.
907 2002 908 2025 n

173 2043 252 2096 Multi,
267 2051 292 2090 ut
303 2043 356 2102 quid
366 2043 407 2089 sibi
418 2042 551 2104 sperantium
561 2041 759 2091 formidandumve
768 2045 834 2092 iutel-

172 2108 276 2170 ligerent,
289 2106 429 2164 Quintiliam,
441 2122 493 2154 curn
504 2108 533 2154 nd
543 2105 652 2168 supplicia
660 2109 793 2164 ducebatur,
800 2110 833 2155 in·

172 2168 253 2218 visere.
286 2169 335 2223 Illa,
355 2186 421 2233 supra
438 2171 611 2218 fortissimorum
630 2173 732 2220 virorum
749 2175 835 2222 animos

171 2241 253 2285 erecta,
269 2235 335 2279 unius
346 2248 359 2280 e
370 2235 491 2296 conjuratis
500 2236 580 2297 pedem
593 2236 650 2297 pede
662 2238 753 2298 pressit,
767 2247 834 2298 nutu-

171 2309 215 2353 que
231 2296 346 2342 oculorum
364 2313 389 2343 se
404 2300 487 2346 silentii
502 2299 597 2356 firmum,
614 2308 637 2346 et
651 2302 774 2349 adversum
789 2311 834 2349 tor·

171 2363 248 2428 ments
264 2357 371 2406 invictum
389 2360 439 2409 fore
457 2364 563 2410 ostendit.
603 2362 705 2420 Chaerea,
725 2367 834 2429 gmndan

171 2430 268 2491 smmum
283 2430 368 2494 nectus,
384 2431 446 2472 tanto
462 2427 564 2474 acerbius
576 2429 659 2486 aaeviit,
672 2431 734 2490 quod
747 2431 790 2478 hnc
801 2430 835 2478 vit

168 2485 278 2552 promtus
289 2490 416 2545 certiusque
425 2491 455 2548 ud
469 2491 576 2552 principis
587 2493 709 2554 perniciem
720 2497 834 2557 properari

169 2548 346 2618 Wssffliltoefet·
380 2548 444 2598 Exin
465 2554 606 2610 Quintilium,
626 2555 715 2605 defecto
735 2573 833 2624 corpore,

170 2603 209 2650 sed
224 2603 314 2651 excelsa
329 2617 405 2658 mente
423 2615 548 2676 immotam,
568 2621 597 2667 ad
614 2619 697 2669 Caium
714 2623 833 2686 perduxit3
