1842 2909
174 125 223 170 216
255 115 447 167 ANNALIUM
464 117 569 166 navt
582 115 687 166 Canen
722 121 829 170 uerno.

173 252 198 298 in
215 249 311 297 Letum
329 247 424 294 Balbum
442 247 603 296 decernuntur:
622 248 646 294 id
660 249 750 310 quidem
764 263 778 294 a
790 249 828 294 la·

173 316 276 368 tentibus,
298 313 350 372 quia
371 311 455 358 Balbus
477 313 533 360 truci
554 312 682 374 eloquentid
702 313 827 368 habebatur,

172 385 272 442 promtus
283 377 400 435 adversum
410 377 518 424 insontes.

205 440 301 490 mx
318 439 401 487 Iisdem
420 442 497 488 diebus
517 441 569 488 Sex.
581 440 696 504 Papinius,
720 441 827 496 consulari

172 505 263 561 nmilia,
274 507 414 567 repentinum
421 514 444 552 et
452 505 570 552 informem
582 507 666 552 exitum
675 507 828 568 delegitjaoto

173 573 198 620 iu
212 586 314 633 praeceps
327 585 431 632 corpore:
450 585 518 618 causa
529 571 557 618 ad
573 577 667 616 matrem
682 571 827 626 referebatur,

172 651 230 698 quse,
249 635 335 698 pridem
353 635 473 696 repudiata,
495 636 680 682 assentationibus
694 643 761 695 atque
775 636 827 681 luxu

171 700 303 763 perpulisset
308 701 416 761 juvenem
426 699 455 746 sd
463 714 497 756 es,
508 714 602 760 quorum
613 699 723 760 effugium
734 699 828 746 nonnisi

172 772 245 812 morte
255 765 371 811 inveniret
404 761 479 826 Igitur
493 770 597 810 accusata
611 764 635 808 in
648 772 734 820 senatu,
751 779 827 826 quana-

172 845 239 891 quam
255 844 330 892 genua
344 834 432 889 patrum
446 827 609 881 advolveretur,
624 827 756 889 luctumque
767 844 827 875 eum·

172 909 270 947 munem,
282 901 305 940 et
314 893 387 953 magis
394 891 535 946 imbecillum,
547 891 585 938 tali
594 907 659 953 super
667 907 728 946 casu,
736 893 827 939 lemine·

173 975 223 1006 nam
233 958 340 1010 animum,
354 956 440 1016 aliaque
453 956 477 1001 in
489 957 591 1002 eumdem
603 956 702 1002 dolorem
714 965 797 1004 moests
807 964 828 1002 et
916 949 917 956 ¹

173 1022 298 1072 miseranda
314 1022 351 1067 (liu
368 1019 443 1072 ferret,
459 1019 523 1066 Urbe
533 1027 608 1066 tamen
626 1020 650 1064 in
667 1020 745 1066 decem
761 1036 829 1068 annos

171 1088 283 1151 prohibita
296 1093 336 1140 est,
354 1084 425 1131 donec
441 1084 516 1130 minor
531 1083 590 1130 filius
605 1084 714 1130 lubricum
728 1087 829 1148 juventae

205 1216 234 1263 L.
250 1215 302 1264 Jam
314 1213 427 1261 'liberium
439 1214 581 1275 corpusjsm
591 1214 656 1268 vires,
674 1214 775 1262 nondum
787 1215 830 1262 dis·
916 1207 917 1212 ¹

173 1281 286 1329 simulatio
297 1275 421 1326 deserebat:
441 1278 500 1324 idem
510 1278 578 1324 animi
594 1279 665 1339 rigor:
685 1293 791 1326 sermone
806 1295 831 1326 ao

173 1346 238 1392 vultu
253 1345 358 1396 intentus,
374 1341 471 1402 quaesitb
484 1342 594 1389 interdum
609 1343 714 1389 comitate
731 1345 831 1405 quamvis

173 1407 313 1456 manifestam
324 1406 470 1454 defectionem
481 1407 583 1468 tegebat:
602 1408 739 1468 mutatisque
750 1410 830 1470 saepius

172 1474 235 1525 locis,
252 1471 340 1519 undem
356 1472 415 1532 apud
428 1471 605 1532 promontorium
621 1470 706 1518 Miseni
724 1473 831 1528 consedit,

173 1538 201 1596 ib
208 1537 269 1592 villu,
287 1537 323 1582 cui
342 1533 488 1582 LLueullus
504 1533 615 1596 quondam
628 1535 741 1583 dominus.
776 1536 830 1592 lllic,

156 1618 226 1652 ‚sum
234 1600 412 1664 appropinquare
422 1601 537 1660 supremis,
549 1599 588 1644 uli
598 1599 665 1646 modo
676 1609 829 1664 compertum:

174 1676 223 1715 erat
238 1666 343 1720 medicus,
360 1673 407 1710 arte
424 1665 525 1726 insignis,
541 1664 632 1710 nomine
644 1661 769 1723 Charicles,
788 1681 833 1713 non

174 1732 264 1793 quidem
278 1744 357 1792 regere
369 1729 507 1775 valetudines
522 1727 628 1790 principis
642 1729 731 1786 solitus,
748 1731 834 1778 consilii
916 1777 917 1788 ,

174 1803 250 1844 umen
261 1796 347 1856 copiam
358 1794 463 1854 praebere.
490 1791 521 1847 Is,
534 1793 595 1838 velut
605 1793 694 1854 propria
703 1795 733 1840 ad
744 1797 835 1858 negotia

174 1860 308 1922 digrediens,
319 1866 342 1904 et
352 1873 392 1918 per
402 1857 497 1918 speciem
509 1856 581 1912 officii,
592 1871 684 1904 manum
695 1859 833 1922 complexus,

172 1925 264 1990 pulsum
275 1937 380 1970 venarum
398 1922 485 1982 attigit:
505 1936 576 1982 neque
585 1919 677 1969 fefellit:
700 1937 755 1970 nam
766 1922 835 1972 Trhe-
916 1969 917 1972 ,

174 1993 227 2043 rius,
239 1990 348 2035 incertum
359 2001 388 2033 an
398 1984 503 2039 offensus,
514 1992 622 2052 tantoque
632 1988 706 2048 magis
715 1987 773 2034 iram
785 2005 835 2051 pre·
916 1987 917 1992 ’

175 2069 246 2109 mens,
254 2051 371 2099 instaurari
377 2050 453 2111 epulas
458 2050 530 2112 jubet,
541 2049 702 2110 discumbitque
712 2053 774 2100 ultra
785 2055 838 2100 soli·
916 2065 917 2090 1

175 2128 242 2174 tum;
259 2117 322 2178 quasi
332 2116 411 2162 honori
426 2115 527 2161 abeuntis
537 2115 603 2160 amici
614 2115 727 2162 tribueret.
756 2117 836 2166 Chari-
916 2165 917 2168 ,

175 2183 223 2230 cles
233 2189 315 2235 umen,
333 2179 376 2225 labi
388 2179 495 2239 spiritum,
515 2193 557 2225 nee
573 2179 631 2226 ultra
639 2179 737 2226 biduum
745 2181 837 2230 duratu-

176 2261 234 2299 rum,
246 2244 351 2292 Macroni
360 2241 464 2290 fimavit
496 2241 553 2290 Inde
563 2251 643 2290 cuncta
651 2244 769 2306 colloquiis
780 2248 839 2294 inter

176 2315 307 2371 praesentes,
326 2308 409 2353 nuntiis
419 2307 477 2369 apud
486 2307 574 2368 legatos
588 2316 612 2354 et
621 2310 735 2356 exercitus
745 2310 839 2360 festina·
916 2339 917 2344 =

154 2377 157 2382 ’
176 2375 264 2425 bantur.
296 2369 380 2416 XVIL
392 2369 444 2416 Kal.
455 2372 546 2433 Aprilis,
564 2371 683 2419 interclusi
694 2374 777 2432 animi,
789 2392 839 2423 cre·

178 2436 238 2480 ditus
256 2441 291 2481 est
309 2435 466 2480 mortalitatem
485 2437 616 2496 explevisse.
647 2436 680 2484 Et
695 2439 769 2486 multo
784 2456 839 2502 gra·
916 2475 917 2500 3

178 2502 266 2544 tantum
277 2509 392 2551 concursu,
411 2497 439 2543 ad
455 2500 561 2560 capienda
578 2501 663 2562 impesii
677 2503 802 2562 primordia
814 2503 844 2552 C.

181 2557 259 2606 Caesar
276 2559 445 2618 egrediebatur,
462 2577 514 2608 oum
532 2572 623 2625 repente
644 2563 743 2621 affertur,
767 2569 841 2615 redire

179 2621 359 2670 Tibenovocem
377 2637 404 2668 ae
423 2625 490 2682 visus,
509 2629 633 2690 vocarique,
653 2630 692 2690 qui
709 2633 841 2680 recessus
