1842 2909
118 126 218 171 scm·
268 114 459 172 mentm
475 115 702 172 Lamneanoi.
736 125 781 172 lm

120 250 220 302 cutum
230 251 380 315 appellitatum
391 266 406 298 a
417 249 481 299 Csrlc
489 248 603 305 Vibenni,
620 251 658 312 qui
669 251 716 298 dux
725 267 784 315 gen·

120 319 152 365 tia
170 317 281 371 Etruscas.
296 331 350 364 eum
368 316 476 363 auxilium
491 316 625 378 appellatum
639 317 784 373 ductavisset,

121 383 198 430 sedern
209 397 258 429 eam
273 389 390 443 acceperat
403 395 417 427 a
431 380 554 442 Tarquinio
566 380 658 437 Priseo;
677 397 717 429 seu
733 383 785 443 quia

120 449 178 509 alius
189 463 268 510 regum
280 446 354 492 dedit:
373 460 426 493 nam
433 446 553 508 scriptores
563 447 587 492 in
598 462 625 492 eo
636 447 781 495 dissentiuntt

120 519 204 559 caetera
213 526 264 564 non
273 512 387 573 ,ambigua
403 517 471 567 sunt;
488 525 582 572 magnas
598 525 636 558 eas
652 512 727 572 copias
745 527 786 574 per

119 577 189 640 plana
198 577 267 631 etiam
276 591 304 622 ae
314 575 364 625 soro
374 575 498 638 propinqua
507 575 634 632 bubitdsse3
652 576 711 622 unde
722 575 784 624 ttu-

120 657 174 690 cum
185 642 293 695 vicumqe
302 641 412 691 vocabulo
421 641 564 694 advenarum,
576 640 667 688 dictum.

156 704 251 752 val.
266 705 320 760 seu,
337 711 362 752 ut
372 705 446 752 studia
455 720 574 766 procerum
589 712 613 752 et
622 704 711 766 largitio
722 706 784 768 prin·
864 721 869 732 ·

121 770 179 833 cipis
189 771 307 817 adversum
318 784 383 816 casus
393 770 497 818 solatium
509 769 614 824 tulerant·
624 771 656 816 ita
667 777 784 818 accusato·

122 851 176 883 rum
193 836 264 898 major
278 835 302 881 in
318 831 366 881 dies
382 842 406 881 et
422 833 525 881 infestior
542 835 577 881 vis
594 835 644 880 sine
659 833 787 882 levamento
863 833 869 844 ’

122 901 279 963 grassabatur:
289 899 478 960 corripueratque
489 897 576 944 Varum
592 898 733 952 Quintilium,
751 900 785 946 di·

121 966 193 1014 vitun
204 971 228 1010 et
239 963 324 1012 Caesari
334 964 490 1026 propinquum,
506 962 624 1010 Domitius
634 960 697 1017 Afer,
716 961 786 1012 Clau·

122 1031 168 1077 diae
182 1028 294 1084 Pulchrae,
308 1029 386 1075 matris
400 1030 455 1091 ejus,
471 1027 648 1083 condemnator;
665 1027 727 1074 ntdlo
742 1028 785 1074 mi-

122 1101 196 1148 rante,
212 1094 278 1154 quod,
292 1093 331 1140 diu
341 1108 419 1154 egens
435 1099 459 1139 et
468 1099 532 1154 parto
543 1106 615 1154 nuper
624 1092 716 1153 praemio
727 1093 787 1141 mala

119 1175 184 1213 usus,
193 1159 259 1220 plura
269 1159 297 1205 ad
306 1157 393 1219 flagitia
402 1158 564 1220 accingeretur.
595 1155 700 1203 Publium
712 1155 785 1204 Dola·

119 1225 210 1282 bellun¹
224 1225 310 1270 socium
328 1222 445 1269 delationis
463 1221 582 1276 exstitisse,
603 1221 712 1268 miraculo
731 1229 785 1279 erat,

121 1291 176 1357 quia
190 1289 256 1336 claris
269 1287 396 1350 majoribus,
412 1294 436 1334 et
446 1285 509 1333 Varo
520 1299 643 1340 connexus,
660 1299 723 1333 suam
738 1287 786 1349 ipse

119 1355 267 1409 nobilitatem,
278 1368 343 1399 suum
355 1353 487 1413 sanguinem
498 1352 610 1412 perditum
620 1352 673 1398 ibat.
704 1351 783 1399 Resti-

119 1420 150 1467 tit
160 1426 238 1466 tamen
248 1424 345 1472 senatus,
359 1425 383 1463 et
393 1416 552 1478 opperiendum
562 1417 719 1478 imperatorem
730 1431 784 1464 cen·

118 1485 178 1533 suit:
197 1483 341 1544 quodunum
355 1481 485 1543 urgentium
499 1481 608 1530 malorum
624 1480 746 1544 audisgium
760 1482 785 1528 in

118 1555 276 1611 tempuserat.
348 1577 352 1586 =

152 1610 262 1669 LXVII.
282 1614 316 1658 At
338 1609 424 1666 Cesar,
446 1611 553 1660 dedicatis
566 1625 614 1672 :per
631 1609 783 1672 Campaniam

117 1679 216 1741 templis.
226 1691 361 1741 quamquam
370 1678 444 1724 edicto
453 1677 585 1729 monuisset,
593 1675 678 1736 nequis
686 1675 784 1736 quietem

117 1747 169 1808 ejus
174 1744 311 1804 irrumperet,
320 1755 488 1802 concursusque
495 1740 663 1802 oppidanorum,
675 1739 782 1800 disposito

117 1809 198 1862 milite,
216 1807 401 1869 prohiberentur3
418 1820 512 1867 perosus
528 1812 605 1852 tamen
623 1803 743 1866 municipia
761 1809 785 1851 et

116 1873 226 1928 colonias,
243 1871 361 1932 omniaque
371 1871 395 1916 in
406 1869 531 1917 continenti
545 1870 595 1924 sits,
613 1867 713 1932 Capreas
724 1868 783 1914 sein

116 1938 215 1986 insulam
226 1936 315 1991 abdidit,
325 1937 395 1982 trium
402 1935 497 1981 millium
507 1933 565 1998 t'reto
574 1934 601 1980 sb
612 1933 718 1980 extremis
727 1932 784 1980 Sur·

116 2003 202 2050 mutini
223 2001 370 2064 promontorii
391 2000 520 2062 dijunctam.
542 1997 713 2048 ,Solitudinem
735 1998 785 2060 ejus

116 2068 230 2132 placuisse
239 2066 338 2113 mamme
347 2065 486 2119 crediderim,
496 2063 607 2126 ¹quoniam
618 2063 783 2124 importuosum

117 2135 180 2180 ciros
189 2147 257 2186 mare,
274 2138 298 2178 et
312 2131 353 2176 vix
365 2130 461 2176 modicis
474 2129 572 2190 navigiis
585 2141 657 2190 pauca
671 2127 781 2174 subsidia:

117 2212 194 2259 neque
204 2195 313 2258 appulerit
323 2195 446 2256 quicquum,
455 2194 498 2240 nisi
508 2208 580 2255 gnaro
590 2191 690 2240 custode.
722 2189 784 2244 coeti

118 2262 240 2323 temperies
257 2261 332 2307 bieme
349 2260 417 2315 mitis,
429 2259 527 2320 ‚objectu
546 2257 636 2312 montis,
650 2272 702 2318 ¹quo
721 2271 783 2304 saeva

118 2331 366 2383 ventornm‘arcentur:
385 2331 452 2371 aestaa
463 2324 487 2370 in
503 2321 629 2370 Favonium
644 2323 744 2377 obversa,
761 2327 786 2368 et

117 2397 198 2454 aperto
216 2391 301 2448 oircrnn
319 2389 400 2451 pelago
417 2401 560 2450 perarnoena:
584 2387 784 2450 prospectabatque

10 2449 19 2466 ‘
117 2456 293 2520 pulcherrimum
307 2455 387 2509 sinum,
404 2460 523 2516 numquam
535 2451 650 2500 Vesuvius
666 2467 732 2498 mona
749 2466 786 2498 ur·

117 2522 216 2568 desoens
231 2519 318 2574 taciem,
327 2519 371 2565 loci
385 2525 490 2577 verteret.
523 2517 620 2565 Grecos
634 2532 662 2562 ee
676 2516 784 2570 tenuisse,

120 2585 266 2647 Capreasque
287 2582 392 2631 Telebois
413 2583 529 2636 habitatas,
550 2581 611 2630 famu
632 2579 706 2626 tradit.
740 2577 786 2624 Sed

104 2698 106 2701 ,
119 2657 172 2698 tum
181 2648 287 2698 'liberius
296 2648 414 2698 duodecim
423 2648 528 2697 villarum
538 2645 666 2698 nominibus
680 2650 705 2692 et
714 2639 785 2690 moli·
