1842 2909
114 105 175 146 ,1.0.
185 109 217 146 41.
293 97 404 148 11le.
419 98 621 150 ANNALIUM.
736 107 785 155 “9

116 239 169 281 tato
180 231 268 294 quidem
283 231 360 279 cultris
371 231 452 287 colore
470 229 614 296 Lupumque,
628 238 655 278 ut
670 231 784 290 facinoris,

114 299 152 346 ita
162 312 237 361 poenae
248 299 341 352 socium,
352 298 392 344 sed
403 313 449 344 riori
461 298 516 344 ratis
524 297 616 352 fortem,
626 297 655 344 acl
664 297 784 347 firmitudi-

116 377 172 411 nem
183 363 291 416 hortatus,
300 363 433 424 supplicium
442 363 503 417 aditi,
509 361 623 424 jurique
628 377 784 426 percussorem

115 428 205 482 eodem,
215 443 261 488 quo
273 425 354 476 Guium
365 435 497 490 peremerat,
508 427 584 490 guito
599 429 641 474 uti.
671 428 710 476 Au
720 444 783 476 mor·

115 501 166 540 tem
175 493 207 539 sic
218 493 346 547 obduratus,
357 507 403 539 uno
413 493 460 539 ictu
471 493 624 539 obtruncetur.
647 491 728 556 Lupus
738 496 783 542 mi·

115 573 174 605 nore
190 555 322 612 constantii,
334 558 435 620 repetitis
445 557 527 604 ictibus
536 558 661 605 trucidatus
670 567 712 605 est.
739 560 783 609 s·-

113 623 189 679 binus,
201 621 269 670 venii
284 629 308 669 et
318 622 434 684 dignitate,
449 637 502 683 quae
512 623 533 668 ei
544 620 608 669 luera
617 623 706 678 oblate,
718 639 781 686 spes·

115 689 155 744 tis,
173 703 198 735 se
215 688 264 750 ipse
282 687 409 734 interemit:
429 688 548 750 indignum
558 695 627 742 ranis
646 686 783 737 sicueree

114 759 231 816 superstes
241 753 335 800 vireret.

150 817 278 882 [Princeps
295 833 346 865 eum
364 817 509 865 morientium
525 816 631 864 ferociam
647 818 739 872 veritur,
755 819 780 866 ia

113 885 238 931 atrociores
248 882 331 930 milites
340 882 533 940 mlmrdvertere3
548 890 669 937 meteres,
681 883 782 945 eliosque

113 948 158 996 eriri
169 947 269 994 infensos
279 947 392 996 beneficiis
403 944 544 996 demulcere:
564 947 661 993 necdum
672 948 726 994 vite
736 963 779 1012 po-

113 1014 240 1073 tentiaeque
254 1027 352 1066 securus,
372 1012 483 1064 omnibus,
497 1013 536 1072 qui
552 1012 669 1059 salutaturi
685 1013 780 1070 adirent,

113 1078 269 1126 acerbissimos
281 1083 416 1124 scrutatores
427 1091 555 1138 apponere3
572 1092 602 1122 ne
613 1077 719 1124 convivis
727 1079 779 1139 qui·

113 1143 167 1190 dem
182 1142 245 1198 inire,
261 1143 304 1188 nisi
323 1142 470 1204 spiculatores
485 1155 538 1188 cum
552 1141 637 1188 lmceis
646 1142 778 1190 circumcis
811 1153 813 1159 '

112 1215 173 1264 rent,
192 1208 318 1268 militesque
327 1207 378 1255 vice
387 1207 542 1252 ministrorum
552 1205 715 1267 iungerenturs
735 1207 779 1255 slia

111 1280 178 1320 metu
193 1273 328 1335 excogitare,
347 1287 398 1332 quae
408 1277 488 1333 postea
498 1272 526 1317 ad
536 1271 662 1332 principum
672 1273 778 1334 majeste-

112 1345 161 1385 tem
180 1343 274 1384 retente.
311 1336 401 1398 Aspera
416 1343 491 1382 tumen
509 1335 661 1398 suspicionum
683 1337 776 1393 mollita,

111 1403 206 1452 sublatis
220 1403 341 1465 impietatis
357 1401 493 1455 criminibus,
512 1401 645 1448 condonatis
663 1402 777 1449 veteribm

106 1467 206 1598 igrp'lupiis,
218 1469 316 1515 remissis
328 1467 417 1522 senem,
435 1473 460 1512 ut
471 1465 544 1528 gratia
554 1473 692 1528 ougmoeret,
703 1468 775 1514 vecti·

151 1549 157 1579 1
173 1547 206 1580 us.
595 1574 597 1578 ,

146 1595 262 1661 [Accessit
272 1597 339 1644 etium
350 1595 421 1651 iavor,
433 1609 485 1642 cum
495 1593 605 1642 Olaulius
614 1594 708 1657 protulit
718 1595 776 1643 duos

108 1660 163 1713 Caii
177 1662 269 1715 libellos,
285 1677 299 1708 a
311 1661 442 1724 Protogene
457 1661 561 1722 scriptos,
577 1659 672 1706 &uum
686 1660 775 1715 Glodri,

106 1729 206 1776 alterum
223 1728 339 1788 Prsgiosrr's
350 1727 421 1772 'titulo
435 1725 544 1787 insignes.
577 1724 654 1772 Ambo
669 1731 736 1775 nous
750 1732 775 1774 et

107 1793 204 1841 nominc
222 1792 407 1839 electissimorum
426 1790 532 1838 temtorii
547 1790 775 1851 equestrisquoordi·

106 1859 153 1914 nis,
173 1858 240 1905 morti
251 1857 420 1910 destinatorum,
431 1855 584 1902 continebant.
615 1853 774 1902 Eosoumsa·

104 1923 180 1970 mosis
197 1923 275 1977 literis,
294 1937 349 1984 quas
361 1920 432 1970 Caius
442 1926 553 1967 crematas
563 1919 716 1976 simularent,
732 1934 774 1982 ps·

103 1989 155 2036 lam
166 1988 305 2045 combussit;
323 1986 529 2048 Protogenemque,
549 1993 575 2030 ut
591 1983 649 2031 Urbi
659 1982 773 2045 gratifico-

104 2059 178 2109 retur,
189 2052 309 2100 interiecit.
340 2051 454 2114 Majorem
474 2051 546 2097 adhuc
563 2063 592 2095 ex
610 2047 712 2095 inauditi
728 2050 773 2095 im·

104 2119 219 2184 probitate
230 2116 287 2166 Caio
297 2117 410 2172 invidiam,
431 2116 473 2163 sibi
490 2115 578 2162 laudern
592 2115 720 2176 civiumque
732 2115 772 2161 be·

102 2183 260 2233 nevoientiam
270 2183 383 2245 quesivit.
414 2180 500 2228 Arcem
516 2180 610 2226 enimin
657 2185 711 2234 tem,
729 2193 772 2227 vo·

102 2263 220 2298 cenorum
230 2249 326 2311 plenem,
344 2262 411 2308 quam
428 2247 452 2292 in
470 2245 590 2292 secretiore
636 2244 652 2289 'i
662 2243 773 2306 mpelisc-

100 2315 148 2364 tiie
158 2319 276 2377 repererat,
288 2313 410 2368 demersit3
427 2318 534 2372 tantoque
544 2311 618 2370 erupit
630 2309 686 2364 lues,
699 2315 725 2355 ut
735 2310 772 2356 iri·

103 2381 169 2427 fecta
184 2379 254 2426 maris
273 2378 420 2430 traderentur,
442 2391 486 2423 nec
509 2375 558 2421 sine
575 2375 671 2436 piscium
693 2374 771 2428 exitio,

99 2460 165 2510 quos
175 2451 267 2491 enectos
278 2451 347 2490 sertus
357 2443 381 2490 in
391 2441 495 2504 proxima
503 2440 572 2487 litora
580 2439 654 2502 ejecit.

141 2507 214 2574 [Tum
225 2523 304 2556 omnes
315 2523 340 2556 se
350 2523 364 2554 s
373 2507 474 2570 principe
484 2511 586 2552 semotos
595 2503 672 2550 fateri:
691 2503 715 2554 in
725 2499 772 2546 ira-

101 2582 143 2623 tre
154 2575 285 2623 Gennanici
295 2574 398 2627 virtutes,
410 2585 461 2634 spes
471 2570 549 2633 populi
559 2568 660 2616 Romani
670 2564 772 2612 cumula·

102 2649 143 2689 ras
153 2639 281 2706 predicere.
314 2637 358 2688 Ille
375 2651 431 2688 vero
447 2635 537 2746 nimiqueA
548 2636 649 2745 poeotes
662 2639 772 2678 recum
