1842 2909
144 125 195 170 804
242 115 437 170 susumus
452 114 672 169 Lancia&
696 120 822 166 moso,

144 251 239 309 auditur.
265 249 390 300 Messalini
408 265 492 305 coram,
509 257 534 298 et
554 249 626 298 Soriio
645 250 824 313 conopeium

144 318 248 374 militum,
265 334 322 380 quos
335 315 430 380 pecunid
440 323 464 363 et
475 324 553 379 stupro
563 317 587 362 in
598 317 662 363 omni
674 315 766 378 flagitio
777 318 831 364 οδ·-

143 383 236 430 strictos
246 384 360 444 arguebat,
376 383 429 429 exin
438 382 573 429 adulterium
585 379 714 444 Poppaeae,-
721 397 751 428 ae
762 398 816 444 pos·

143 453 241 494 tremum
266 447 383 494 mollitiam
410 448 512 509 corporis
533 447 674 509 objectante:
703 447 732 492 ad
756 447 817 508 quod

55 505 59 516 '
141 513 204 559 victo
216 513 312 567 silentio,
319 513 420 576 prorupit
428 519 526 569 renuet,
539 516 555 541 ‘⁴
564 510 714 573 Interroga,”
730 513 816 573 inquit,

142 575 227 633 “Suili
244 577 303 624 iiiios
311 585 376 625 tuos:
395 578 469 624 virum
478 592 516 623 me
526 591 577 623 esse
586 575 758 624 fatebamtur:”
779 578 815 623 in-

141 656 278 705 gressusque
294 642 454 697 defensionem,
472 650 587 689 commoto
603 643 716 704 majorem
727 642 754 688 in
765 657 815 689 mo-

141 707 196 754 dum
208 705 310 762 Ciaudio,
327 707 461 754 Messalinae
475 722 566 768 qumque
580 707 696 767 lacrymas
711 708 813 754 exciritr

140 773 221 834 quibus
229 774 344 820 abluendis
352 772 455 820 cubiculo
463 773 588 834 egrediens,
597 779 676 818 monet
684 770 814 828 Vitellium,

140 851 171 883 ue
188 837 244 884 elabi
263 851 326 886 reum
344 838 440 884 sineret:
460 838 510 900 ipss
526 838 556 883 ad
565 837 689 898 pernicia
703 836 815 899 Poppae

139 900 238 957 sertim
255 902 354 956 subditis,
366 903 404 963 qui
415 909 503 949 terrore
512 903 608 949 carceris
619 902 648 947 ad
658 901 814 949 voluntariam

140 973 235 1013 mortem
244 968 408 1031 propellerent;
420 967 477 1014 adeo
482 969 564 1030 ignaro
572 965 672 1020 Caesare,
680 973 719 1024 ut,
728 981 815 1028 paucos

139 1038 192 1093 post
211 1033 266 1086 dies,
283 1033 410 1096 epulantem
422 1033 481 1095 apud
492 1048 517 1079 se
528 1033 632 1078 maritum
644 1033 702 1093 cp'os,
722 1032 813 1094 Scipio-

138 1111 199 1151 nem,
210 1105 384 1158 percontaretur,
397 1113 436 1144 cur
447 1099 497 1144 siue
507 1112 578 1144 uxore
584 1096 756 1144 discubuisset?
774 1098 814 1144 Ad

138 1163 199 1223 quod
209 1162 255 1217 iile,
271 1163 371 1210 iunctam
382 1162 436 1218 fato,
453 1163 601 1225 responderit.

171 1224 221 1273 111.
237 1229 282 1276 Sed
301 1227 443 1276 consultante
462 1243 529 1291 super
547 1227 689 1274 absolutione
706 1228 813 1284 Asiatici,

137 1289 196 1338 flens
207 1291 320 1350 Vitellius,
332 1292 508 1341 commemorati
517 1300 630 1340 vetustate
640 1293 758 1348 amicitiae,
775 1301 813 1340 ut-

138 1371 182 1417 que
202 1356 335 1416 Aotoniam,
352 1360 459 1422 principis
477 1365 579 1414 matrem,
596 1359 681 1421 paritet
701 1359 812 1406 observa·

137 1421 230 1476 sissent,
248 1423 306 1479 dein,
323 1425 435 1487 percursis
445 1425 542 1471 Asiatici
552 1425 576 1470 in
588 1439 658 1487 remp.
669 1423 761 1480 officiis,
774 1440 811 1470 re·

136 1487 241 1550 eeuu'que
259 1489 367 1537 adversus
384 1489 527 1537 Britanniam
544 1490 631 1543 militib
648 1503 748 1549 qunque
767 1490 812 1536 aiis

136 1552 283 1601 concilianda
293 1555 452 1602 misericordia
461 1555 602 1609 videbantur,
609 1554 706 1600 liberum
715 1554 738 1600 ei
745 1569 816 1600 mon·

135 1617 166 1664 tis
177 1618 291 1666 arbitrium
301 1619 413 1681 permitit:
435 1627 459 1666 et
470 1627 548 1670 secuta
559 1626 613 1666 sumt
623 1616 717 1666 Claudii
729 1620 809 1677 verba,

135 1682 159 1728 in
170 1684 272 1731 eamdem
284 1684 433 1730 clementiam.
458 1683 612 1732 Hortantibos
622 1684 705 1730 debinc
716 1685 811 1744 quibus-

135 1747 187 1794 dam
198 1749 295 1796 inediam
306 1757 329 1796 et
340 1747 414 1796 lenem
425 1750 519 1803 exituras,
535 1749 652 1795 remittere
661 1748 808 1806 beneficium,

135 1810 251 1862 Asiaticus
262 1814 307 1860 ait:
327 1821 351 1860 et
361 1815 482 1875 usurpatis,
498 1814 579 1874 qrsibus
589 1813 728 1868 insueverat,
739 1829 808 1862 exer·

134 1877 282 1932 citationibus.
299 1878 363 1924 lauto
382 1893 483 1940 corpore,
499 1878 571 1924 hilare
586 1872 695 1940 epulatos,
708 1894 770 1934 mrsu,
781 1893 809 1926 se

132 1941 250 1990 honestius
267 1942 388 1990 calliditate
404 1941 496 1998 Tiberii,
513 1943 551 1989 vel
563 1944 649 2004 impetu
661 1941 689 1990 C.
703 1941 809 1992 canu·

131 2008 265 2068 periturum,
285 2007 385 2063 dixisset,
404 2023 479 2070 quam,
499 2008 559 2069 quod
569 2007 648 2054 fraude
657 2008 770 2063 muliebri.
782 2016 809 2056 et

132 2071 246 2133 impudico
261 2071 348 2118 Vitellii
364 2088 404 2120 ore
420 2073 517 2127 cadesim
533 2087 604 2120 venas
620 2073 735 2119 exsolvit:
753 2075 808 2121 viso

131 2142 207 2182 nmen
219 2144 272 2183 ante
283 2152 346 2198 rogo,
354 2139 466 2200 jussoque
476 2136 687 2200 transferripartem
695 2139 720 2183 in
727 2139 812 2193 oliam,-

130 2211 161 2242 ue
178 2201 277 2258 opacitas
294 2201 398 2247 arborum
410 2217 494 2263 vapore
504 2203 566 2264 ignia
576 2202 730 2250 minueretur:
749 2211 806 2250 tan·
906 2248 907 2251 ,

130 2265 179 2306 tum
191 2263 222 2306 iiii
234 2265 360 2312 securitatis
371 2267 501 2314 novissimae
511 2265 562 2314 suit

163 2321 210 2368 IV.
226 2324 344 2374 Vocantur
358 2337 409 2390 post
424 2331 475 2376 baee
485 2338 568 2393 patres,
585 2332 705 2394 pergitque
717 2333 807 2381 Suilius

129 2385 211 2432 addere
222 2403 272 2435 roos
283 2392 370 2448 equites
377 2393 498 2441 Romanos
507 2395 614 2451 illustres,
631 2398 713 2456 qubus
732 2397 808 2446 Petra

127 2461 320 2524 cognomentum:
340 2463 363 2500 st
385 2473 453 2506 causa
464 2460 532 2514 oecis,
549 2461 611 2522 quod
627 2461 720 2520 domm
736 2478 807 2510 susm

130 2509 214 2558 Valeru
226 2521 248 2558 et
259 2513 367 2575 Poppaeae
382 2525 544 2584 congressibus
558 2526 717 2587 prebuissent.
750 2527 812 2576 Ve·.

126 2586 176 2618 rum
186 2583 303 2621 nocturnae
311 2581 393 2638 quietis
404 2589 491 2646 species
501 2589 566 2635 alteri
578 2591 672 2652 objecta,
684 2598 812 2653 umquam

125 2635 218 2685 sitisset
229 2637 349 2690 Claudium
358 2647 434 2708 spicea
444 2651 532 2700 coronis
541 2655 667 2714 evisam,
683 2658 752 2720 spicis
764 2673 806 2708 re·
904 2704 905 2715 ,
