1842 2909
142 108 159 153 s
240 100 438 153 ANNALiUM,
449 104 502 153 Lm
514 102 533 153 1.
545 104 604 156 cs».
617 109 655 155 11.
693 111 750 151 uo.
761 109 809 157 rar.

75 284 80 293 ,
141 234 243 282 solvisse.
275 234 358 282 Pacem
371 237 418 282 sine
429 236 495 283 dubio
509 238 615 299 posthac,
632 252 710 283 renum
723 249 807 283 eruen-

140 308 200 347 tams
220 296 341 354 Lollianas,
351 300 506 361 Varianasque
514 302 588 347 clades
592 318 600 359 3
617 302 745 348 interiectos
754 302 806 349 Ro-

139 380 184 411 mae
195 364 316 419 Varrones,
329 364 447 427 Egnatios,
458 365 532 413 ,iulos
558 365 609 412 Nee
616 366 742 413 domesticis
753 368 805 413 aba·
819 389 822 394 ·

139 429 257 475 timebatur.
289 428 394 477 Abducta
413 430 501 477 Neroni
516 446 585 477 uxor:
612 438 635 476 et
649 432 744 477 consulti
763 445 805 491 per

75 530 79 536 .
138 494 256 539 ludibrium
265 493 388 555 pontifices,
400 508 429 541 sn
437 502 553 556 concepto,
562 496 656 541 necdum
664 496 723 541 edito
731 504 803 557 partu,

139 559 181 603 rite
189 560 291 605 nuberetz
312 558 343 611 Q,
352 558 417 604 Tadii
425 566 448 606 et
457 558 523 605 Vedii
533 559 642 605 Pollionis
649 560 729 605 luxus:
748 575 803 620 pos·

138 629 211 667 tremo
228 621 300 675 Livio,
318 624 394 683 gravis
411 624 434 671 in
454 625 611 684 rempublicam
629 634 706 678 mater,
726 624 804 685 gravis

138 687 214 732 domui
227 685 344 733 caesarum
356 700 460 733 noverca.
493 687 557 733 Nihil
571 689 664 734 deorum
680 689 802 735 honoribus

138 751 248 804 relictum,
263 766 314 796 oum
326 766 351 797 se
362 752 451 813 templis
462 758 485 797 et
496 752 571 814 effigie
581 754 697 798 numinum
708 768 749 813 per
759 751 801 797 iia·

116 845 118 848 .
140 816 212 861 mines
223 822 246 860 et
257 816 383 861 saterdotes
394 816 437 861 ooli
450 816 517 862 vellet
524 831 533 861 ε’
549 830 579 862 ne
589 816 703 863 Tiberium
711 816 801 876 quidem

136 880 228 925 caritate
243 885 281 925 sut
298 879 424 941 reipublicae
439 880 492 926 curi
508 891 660 927 successorem
675 881 799 937 adscitum

137 944 183 997 sed,
201 943 306 1003 quoniam
322 945 472 1005 arrogantiam
490 945 643 1006 saevitiamque
662 947 709 1008 ejus
728 946 799 990 intro·

138 1009 242 1069 spexerit,
254 1010 419 1069 comparatione
429 1007 548 1056 deterrimi
559 1008 599 1056 sibi
610 1010 705 1071 gloriam
716 1010 799 1070 quaesi·

134 1074 201 1119 visse.
235 1072 327 1119 Etenim
348 1072 474 1134 Augustus,
493 1075 569 1135 paucio
588 1076 727 1127 antemnis,
746 1089 798 1119 cum

54 1190 58 1197 ⁵
135 1132 226 1185 Tiberio
246 1138 385 1183 tribuniciam
407 1145 540 1199 potestatem
561 1154 574 1185 a
593 1140 690 1200 patribus
709 1154 798 1183 rursum

134 1202 263 1263 postularet,
280 1214 413 1261 quamquam
425 1202 511 1249 honori
527 1204 638 1259 oratione,
651 1203 752 1265 quaedam
770 1203 798 1249 de
845 1213 849 1219 ’

134 1266 209 1311 babitu
221 1266 326 1326 cultuque
336 1272 360 1311 et
375 1266 483 1313 institutis
494 1267 541 1329 ejus
551 1268 644 1330 Jecerst,
660 1283 717 1329 quae,
735 1268 798 1313 velut

136 1330 270 1384 manando,
282 1330 431 1391 exprobraret.

166 1392 213 1439 xl.
231 1391 345 1441 Caeterum
361 1394 475 1457 sepulturi
487 1410 552 1441 more
567 1387 673 1456 perfecti,
687 1396 796 1457 templum
886 1443 889 1447 Α

135 1465 159 1503 et
170 1458 274 1503 coelestes
285 1459 404 1520 religiones
420 1460 578 1507 decernuntur.
612 1458 692 1506 Versae
702 1461 754 1505 inde
769 1460 798 1505 ad

133 1518 249 1569 Tiberium
260 1536 344 1583 preces·
376 1523 408 1570 Et
419 1525 457 1571 ille
469 1526 531 1571 varie
541 1525 671 1571 disserebat:
692 1526 720 1570 de
730 1539 796 1585 mag-

134 1586 235 1633 nitudine
249 1588 343 1649 imperii,
362 1588 402 1635 sud
416 1586 540 1646 modestii;
558 1590 628 1635 solam
639 1590 685 1635 divi
696 1588 796 1649 Augusti

131 1658 231 1698 mentem
243 1658 312 1699 tsntae
325 1652 392 1699 molis
407 1665 523 1715 capacem3
540 1667 571 1706 se,
587 1655 611 1700 in
627 1661 713 1715 partem
730 1667 794 1699 eura·

131 1725 181 1761 rum
194 1716 270 1763 abillo
282 1724 393 1771 vocatum,
408 1718 544 1779 experiendo
554 1718 664 1771 didicisse,
681 1732 746 1777 quam
758 1732 795 1762 ar·
813 1768 818 1773 ,

131 1780 207 1835 duam,
219 1794 285 1841 quam
297 1782 419 1844 subJectum
430 1782 528 1829 fortuuae
539 1783 630 1844 regendi
639 1784 794 1838 cunctaonus;

130 1846 230 1907 proinde,
247 1846 271 1891 in
282 1846 372 1909 cipitate
386 1852 420 1892 tot
433 1840 555 1893 illustribus
565 1848 619 1893 viris
630 1839 730 1901 subnixi,
748 1859 793 1892 non

131 1910 159 1955 ad
170 1904 240 1956 unum
249 1910 324 1967 omnia
335 1909 460 1973 defenerata
479 1912 555 1976 plures
565 1910 651 1958 facilius
662 1911 739 1957 munia
749 1911 793 1957 rei·

129 1975 225 2035 publicae
237 1976 326 2021 sociatis
337 1974 446 2023 laboribus
457 1983 610 2023 exsecuturos.
643 1974 700 2022 Plus
711 1976 733 2020 in
742 1989 793 2021 ora·

130 2039 192 2085 tione
213 2038 253 2085 tali
274 2039 390 2102 dignitatis
410 2054 476 2100 quam
495 2039 546 2086 fidei
565 2046 626 2086 erata
651 2038 793 2099 Tiberioque,

129 2104 196 2149 etiam
207 2104 231 2148 in
242 2104 308 2150 rebus
323 2118 378 2164 quas
393 2106 573 2165 nonoocuieret,
591 2120 630 2151 seu
649 2103 729 2151 natura
744 2104 793 2150 sive

127 2168 278 2222 assuetudine,
290 2182 397 2230 suspensa
407 2182 495 2230 semper
505 2177 528 2215 et
539 2170 718 2216 obseurauerbas
737 2174 792 2215 tuno

127 2246 183 2279 vero
194 2232 281 2287 nitenti,
290 2239 316 2278 ut
327 2245 407 2279 sensus
417 2248 471 2280 suos
481 2235 570 2296 penitus
578 2235 674 2289 abderet,
685 2234 709 2279 in
718 2234 792 2278 incer·

128 2302 178 2341 tum
190 2304 214 2343 et
223 2297 352 2359 ambiguum
367 2298 440 2360 magis
454 2299 629 2360 implicabantur.
661 2298 695 2345 At
710 2304 790 2359 patrea,

128 2360 208 2420 quibus
219 2374 277 2408 unus
288 2370 367 2417 metus,
383 2364 401 2409 si
413 2364 539 2425 intelligere
549 2364 685 2417 viderentur,
696 2364 720 2407 in
735 2378 790 2423 que·

126 2431 184 2479 stus,
191 2426 308 2486 lacrymas,
314 2435 367 2473 vota
378 2426 476 2486 effundi3
493 2429 521 2475 ad
528 2429 589 2483 deos,
598 2428 626 2475 ad
633 2428 731 2489 effigiem
738 2426 789 2472 Au·

127 2489 197 2565 gusti,
214 2490 241 2536 ad
252 2502 327 2553 genua
337 2492 407 2553 ipsius
417 2507 498 2539 manus
508 2493 615 2540 moderes
635 2507 686 2539 eum
697 2490 791 2552 proferri

110 2552 226 2613 ,libellum
245 2556 376 2616 recitarique
390 2558 466 2617 jussit.
498 2556 560 2620 Opes
576 2558 671 2620 pubiioae
687 2556 789 2603 contine·

44 2646 47 2653 ·
106 2622 110 2635 '
123 2618 217 2668 beatum
230 2621 432 2684 quantumoivium
440 2622 596 2686 sociorumque
606 2622 629 2669 in
641 2622 721 2670 armis:
730 2626 789 2681 ,quot

257 2730 260 2757 i
