<?xml version="1.0" encoding="UTF-8"?>
<!DOCTYPE html PUBLIC "-//W3C//DTD XHTML 1.0 Transitional//EN"
    "http://www.w3.org/TR/xhtml1/DTD/xhtml1-transitional.dtd">
<html xmlns="http://www.w3.org/1999/xhtml" xml:lang="en" lang="en">
 <head>
  <title>
</title>
<meta http-equiv="Content-Type" content="text/html;charset=utf-8" />
  <meta name='ocr-system' content='tesseract 3.04.00' />
  <meta name='ocr-capabilities' content='ocr_page ocr_carea ocr_par ocr_line ocrx_word'/>
</head>
<body>
  <div class='ocr_page' id='page_1' title='image "./opera01obergoog_0083.png"; bbox 0 0 1842 2909; ppageno 0'>
   <div class='ocr_carea' id='block_1_1' title="bbox 85 125 800 192">
    <p class='ocr_par' dir='ltr' id='par_1_1' title="bbox 85 125 800 192">
     <span class='ocr_line' id='line_1_1' title="bbox 85 125 800 192; baseline 0.02 -14"><span class='ocrx_word' id='word_1_1' title='bbox 85 125 184 181; x_wconf 62' lang='lat' dir='ltr'>sjcne.</span> <span class='ocrx_word' id='word_1_2' title='bbox 240 136 433 187; x_wconf 82' lang='lat' dir='ltr'>ANNALIUM</span> <span class='ocrx_word' id='word_1_3' title='bbox 449 138 503 189; x_wconf 82' lang='lat' dir='ltr'>Lm.</span> <span class='ocrx_word' id='word_1_4' title='bbox 516 136 550 187; x_wconf 92' lang='lat'>11.</span> <span class='ocrx_word' id='word_1_5' title='bbox 562 139 623 192; x_wconf 74' lang='lat' dir='ltr'>Cur.</span> <span class='ocrx_word' id='word_1_6' title='bbox 632 144 672 191; x_wconf 83' lang='lat'>56.</span> <span class='ocrx_word' id='word_1_7' title='bbox 713 148 751 191; x_wconf 72' lang='lat' dir='ltr'>ts</span> <span class='ocrx_word' id='word_1_8' title='bbox 794 138 800 148; x_wconf 84' lang='lat'>&#39;</span> 
     </span>
    </p>
   </div>
   <div class='ocr_carea' id='block_1_2' title="bbox 77 269 761 2771">
    <p class='ocr_par' dir='ltr' id='par_1_2' title="bbox 84 269 754 444">
     <span class='ocr_line' id='line_1_2' title="bbox 84 269 754 335; baseline 0.009 -21"><span class='ocrx_word' id='word_1_9' title='bbox 84 269 139 328; x_wconf 82' lang='lat' dir='ltr'>quis</span> <span class='ocrx_word' id='word_1_10' title='bbox 157 275 234 316; x_wconf 82' lang='lat' dir='ltr'>mente</span> <span class='ocrx_word' id='word_1_11' title='bbox 251 270 369 331; x_wconf 78' lang='lat' dir='ltr'>concepit:</span> <span class='ocrx_word' id='word_1_12' title='bbox 388 277 412 316; x_wconf 92' lang='lat' dir='ltr'>et</span> <span class='ocrx_word' id='word_1_13' title='bbox 430 269 545 317; x_wconf 79' lang='lat' dir='ltr'>ferebatur</span> <span class='ocrx_word' id='word_1_14' title='bbox 561 272 698 319; x_wconf 81' lang='lat' dir='ltr'>Germanico</span> <span class='ocrx_word' id='word_1_15' title='bbox 713 282 754 335; x_wconf 82' lang='lat' dir='ltr'>per</span> 
     </span>
     <span class='ocr_line' id='line_1_3' title="bbox 85 334 752 396; baseline 0.007 -17"><span class='ocrx_word' id='word_1_16' title='bbox 85 334 200 396; x_wconf 68' lang='lat' dir='ltr'>ambages,</span> <span class='ocrx_word' id='word_1_17' title='bbox 216 341 243 381; x_wconf 92' lang='lat' dir='ltr'>ut</span> <span class='ocrx_word' id='word_1_18' title='bbox 261 350 311 381; x_wconf 83' lang='lat' dir='ltr'>mon</span> <span class='ocrx_word' id='word_1_19' title='bbox 328 335 431 389; x_wconf 81' lang='lat' dir='ltr'>oraculis,</span> <span class='ocrx_word' id='word_1_20' title='bbox 451 339 565 382; x_wconf 79' lang='lat' dir='ltr'>maturum</span> <span class='ocrx_word' id='word_1_21' title='bbox 581 338 674 383; x_wconf 72' lang='lat' dir='ltr'>ntimn</span> <span class='ocrx_word' id='word_1_22' title='bbox 693 339 752 385; x_wconf 77' lang='lat' dir='ltr'>o&#39;eoi·</span> 
     </span>
     <span class='ocr_line' id='line_1_4' title="bbox 86 412 157 444; baseline 0 0"><span class='ocrx_word' id='word_1_23' title='bbox 86 412 157 444; x_wconf 78' lang='lat' dir='ltr'>nisse.</span> 
     </span>
    </p>

    <p class='ocr_par' dir='ltr' id='par_1_3' title="bbox 77 461 761 2645">
     <span class='ocr_line' id='line_1_5' title="bbox 119 461 752 525; baseline 0.011 -18"><span class='ocrx_word' id='word_1_24' title='bbox 119 461 175 508; x_wconf 87' lang='lat' dir='ltr'>LV.</span> <span class='ocrx_word' id='word_1_25' title='bbox 190 463 225 509; x_wconf 82' lang='lat' dir='ltr'>At</span> <span class='ocrx_word' id='word_1_26' title='bbox 235 462 281 511; x_wconf 82' lang='lat' dir='ltr'>Cu.</span> <span class='ocrx_word' id='word_1_27' title='bbox 289 462 351 517; x_wconf 86' lang='lat' dir='ltr'>Piso,</span> <span class='ocrx_word' id='word_1_28' title='bbox 368 478 414 522; x_wconf 92' lang='lat' dir='ltr'>quo</span> <span class='ocrx_word' id='word_1_29' title='bbox 423 466 577 525; x_wconf 74' lang='lat' dir='ltr'><strong>properantius</strong></span> <span class='ocrx_word' id='word_1_30' title='bbox 596 466 706 514; x_wconf 77' lang='lat' dir='ltr'>destinata</span> <span class='ocrx_word' id='word_1_31' title='bbox 714 468 752 513; x_wconf 86' lang='lat' dir='ltr'>in-</span> 
     </span>
     <span class='ocr_line' id='line_1_6' title="bbox 83 528 750 588; baseline 0.006 -15"><span class='ocrx_word' id='word_1_32' title='bbox 83 528 178 588; x_wconf 64' lang='lat' dir='ltr'>ciperet,</span> <span class='ocrx_word' id='word_1_33' title='bbox 189 528 304 574; x_wconf 68' lang='lat' dir='ltr'>cirimtem</span> <span class='ocrx_word' id='word_1_34' title='bbox 320 528 500 582; x_wconf 72' lang='lat' dir='ltr'>Atheniensium,</span> <span class='ocrx_word' id='word_1_35' title='bbox 512 530 599 576; x_wconf 91' lang='lat' dir='ltr'>turbido</span> <span class='ocrx_word' id='word_1_36' title='bbox 610 532 699 578; x_wconf 79' lang='lat' dir='ltr'>incessu</span> <span class='ocrx_word' id='word_1_37' title='bbox 710 546 750 579; x_wconf 87' lang='lat' dir='ltr'>ex·</span> 
     </span>
     <span class='ocr_line' id='line_1_7' title="bbox 84 590 751 656; baseline 0.007 -18"><span class='ocrx_word' id='word_1_38' title='bbox 84 592 205 646; x_wconf 73' lang='lat' dir='ltr'>territum·</span> <span class='ocrx_word' id='word_1_39' title='bbox 213 590 389 639; x_wconf 74' lang='lat' dir='ltr'>oratiouesaevd</span> <span class='ocrx_word' id='word_1_40' title='bbox 404 593 511 654; x_wconf 78' lang='lat' dir='ltr'>increpat,</span> <span class='ocrx_word' id='word_1_41' title='bbox 519 616 522 621; x_wconf 95' lang='lat'>·</span> <span class='ocrx_word' id='word_1_42' title='bbox 530 594 618 656; x_wconf 85' lang='lat' dir='ltr'>oblique</span> <span class='ocrx_word' id='word_1_43' title='bbox 629 596 751 643; x_wconf 87' lang='lat' dir='ltr'>Germani·</span> 
     </span>
     <span class='ocr_line' id='line_1_8' title="bbox 83 657 750 719; baseline 0.006 -16"><span class='ocrx_word' id='word_1_44' title='bbox 83 672 139 703; x_wconf 86' lang='lat' dir='ltr'>enm</span> <span class='ocrx_word' id='word_1_45' title='bbox 149 658 312 719; x_wconf 73' lang='lat' dir='ltr'>perstringens</span> <span class='ocrx_word' id='word_1_46' title='bbox 320 657 388 717; x_wconf 83' lang='lat' dir='ltr'>quod,</span> <span class='ocrx_word' id='word_1_47' title='bbox 398 664 478 704; x_wconf 84' lang='lat' dir='ltr'>eontra</span> <span class='ocrx_word' id='word_1_48' title='bbox 487 658 555 705; x_wconf 58' lang='lat' dir='ltr'>mous</span> <span class='ocrx_word' id='word_1_49' title='bbox 566 658 665 707; x_wconf 85' lang='lat' dir='ltr'>Romani</span> <span class='ocrx_word' id='word_1_50' title='bbox 677 660 750 708; x_wconf 85' lang='lat' dir='ltr'>uomi-</span> 
     </span>
     <span class='ocr_line' id='line_1_9' title="bbox 86 721 751 781; baseline 0.012 -14"><span class='ocrx_word' id='word_1_51' title='bbox 86 721 131 775; x_wconf 82' lang='lat' dir='ltr'>n‘is;</span> <span class='ocrx_word' id='word_1_52' title='bbox 150 725 199 767; x_wconf 83' lang='lat' dir='ltr'>nbn</span> <span class='ocrx_word' id='word_1_53' title='bbox 219 722 432 775; x_wconf 68' lang='lat' dir='ltr'>Athenienseatot</span> <span class='ocrx_word' id='word_1_54' title='bbox 445 722 543 769; x_wconf 79' lang='lat' dir='ltr'>cladibus</span> <span class='ocrx_word' id='word_1_55' title='bbox 562 726 693 781; x_wconf 76' lang='lat' dir='ltr'>exstinctos,</span> <span class='ocrx_word' id='word_1_56' title='bbox 710 725 751 775; x_wconf 73' lang='lat' dir='ltr'>ted</span> 
     </span>
     <span class='ocr_line' id='line_1_10' title="bbox 85 786 749 839; baseline 0.008 -7"><span class='ocrx_word' id='word_1_57' title='bbox 85 786 208 833; x_wconf 71' lang='lat' dir='ltr'>colluviem</span> <span class='ocrx_word' id='word_1_58' title='bbox 218 786 280 833; x_wconf 86' lang='lat' dir='ltr'>illam</span> <span class='ocrx_word' id='word_1_59' title='bbox 290 788 414 839; x_wconf 84' lang='lat' dir='ltr'>nationum,</span> <span class='ocrx_word' id='word_1_60' title='bbox 430 788 536 833; x_wconf 74' lang='lat' dir='ltr'>comitate</span> <span class='ocrx_word' id='word_1_61' title='bbox 547 788 616 835; x_wconf 72' lang='lat' dir='ltr'>nimii</span> <span class='ocrx_word' id='word_1_62' title='bbox 626 790 749 837; x_wconf 78' lang='lat' dir='ltr'>coluissetr</span> 
     </span>
     <span class='ocr_line' id='line_1_11' title="bbox 86 850 750 907; baseline 0.005 -11"><span class='ocrx_word' id='word_1_63' title='bbox 86 852 131 897; x_wconf 84' lang='lat' dir='ltr'>hos</span> <span class='ocrx_word' id='word_1_64' title='bbox 141 851 202 897; x_wconf 89' lang='lat' dir='ltr'>enim</span> <span class='ocrx_word' id='word_1_65' title='bbox 217 866 268 897; x_wconf 83' lang='lat' dir='ltr'>esse</span> <span class='ocrx_word' id='word_1_66' title='bbox 278 850 417 897; x_wconf 83' lang='lat' dir='ltr'>Mithridatis</span> <span class='ocrx_word' id='word_1_67' title='bbox 426 852 534 898; x_wconf 85' lang='lat' dir='ltr'>aduersus</span> <span class='ocrx_word' id='word_1_68' title='bbox 545 852 637 907; x_wconf 83' lang='lat' dir='ltr'>Sullam,</span> <span class='ocrx_word' id='word_1_69' title='bbox 654 854 750 903; x_wconf 83' lang='lat' dir='ltr'>Antonii</span> 
     </span>
     <span class='ocr_line' id='line_1_12' title="bbox 86 914 750 976; baseline 0.005 -14"><span class='ocrx_word' id='word_1_70' title='bbox 86 915 203 962; x_wconf 84' lang='lat' dir='ltr'>adversus.</span> <span class='ocrx_word' id='word_1_71' title='bbox 215 914 396 976; x_wconf 73' lang='lat' dir='ltr'>D-Augustorn&#39;</span> <span class='ocrx_word' id='word_1_72' title='bbox 407 917 488 963; x_wconf 87' lang='lat' dir='ltr'>socios.</span> <span class='ocrx_word' id='word_1_73' title='bbox 521 916 597 963; x_wconf 84' lang='lat' dir='ltr'>Etiam</span> <span class='ocrx_word' id='word_1_74' title='bbox 616 925 693 965; x_wconf 82' lang='lat' dir='ltr'>vetera</span> <span class='ocrx_word' id='word_1_75' title='bbox 708 920 750 967; x_wconf 76' lang='lat' dir='ltr'>ulr-¹</span> 
     </span>
     <span class='ocr_line' id='line_1_13' title="bbox 79 980 749 1046; baseline 0.004 -19"><span class='ocrx_word' id='word_1_76' title='bbox 79 980 191 1046; x_wconf 75' lang='lat' dir='ltr'>jectahst,</span> <span class='ocrx_word' id='word_1_77' title='bbox 201 995 253 1041; x_wconf 84' lang='lat' dir='ltr'>quae</span> <span class='ocrx_word' id='word_1_78' title='bbox 263 981 288 1025; x_wconf 91' lang='lat' dir='ltr'>in</span> <span class='ocrx_word' id='word_1_79' title='bbox 298 980 437 1027; x_wconf 74' lang='lat' dir='ltr'>Macedones</span> <span class='ocrx_word' id='word_1_80' title='bbox 446 981 590 1041; x_wconf 83' lang='lat' dir='ltr'>improspere,</span> <span class='ocrx_word' id='word_1_81' title='bbox 606 982 716 1030; x_wconf 84' lang='lat' dir='ltr'>violenter</span> <span class='ocrx_word' id='word_1_82' title='bbox 725 984 749 1029; x_wconf 89' lang='lat' dir='ltr'>iu</span> 
     </span>
     <span class='ocr_line' id='line_1_14' title="bbox 85 1043 751 1107; baseline 0.003 -16"><span class='ocrx_word' id='word_1_83' title='bbox 85 1060 142 1091; x_wconf 89' lang='lat' dir='ltr'>suos</span> <span class='ocrx_word' id='word_1_84' title='bbox 160 1043 279 1091; x_wconf 82' lang='lat' dir='ltr'>fecissent:</span> <span class='ocrx_word' id='word_1_85' title='bbox 303 1044 403 1091; x_wconf 75' lang='lat' dir='ltr'>offensos</span> <span class='ocrx_word' id='word_1_86' title='bbox 420 1045 470 1091; x_wconf 85' lang='lat' dir='ltr'>urbi</span> <span class='ocrx_word' id='word_1_87' title='bbox 486 1044 576 1107; x_wconf 74' lang='lat' dir='ltr'>proprii</span> <span class='ocrx_word' id='word_1_88' title='bbox 594 1046 683 1107; x_wconf 86' lang='lat' dir='ltr'>quoque</span> <span class='ocrx_word' id='word_1_89' title='bbox 700 1046 751 1105; x_wconf 60' lang='grc' dir='ltr'>ἰῆς</span> 
     </span>
     <span class='ocr_line' id='line_1_15' title="bbox 85 1107 749 1171; baseline 0.006 -17"><span class='ocrx_word' id='word_1_90' title='bbox 85 1110 142 1170; x_wconf 81' lang='lat' dir='ltr'>quia</span> <span class='ocrx_word' id='word_1_91' title='bbox 151 1107 301 1171; x_wconf 85' lang='lat' dir='ltr'>Theophilum</span> <span class='ocrx_word' id='word_1_92' title='bbox 316 1110 450 1169; x_wconf 62' lang='lat' dir='ltr'>quemdam,</span> <span class='ocrx_word' id='word_1_93' title='bbox 459 1109 614 1171; x_wconf 78' lang='lat' dir='ltr'>AreoJ&#39;udicio</span> <span class='ocrx_word' id='word_1_94' title='bbox 624 1110 674 1157; x_wconf 87' lang='lat' dir='ltr'>salsi</span> <span class='ocrx_word' id='word_1_95' title='bbox 685 1111 749 1159; x_wconf 88' lang='lat' dir='ltr'>dam·</span> 
     </span>
     <span class='ocr_line' id='line_1_16' title="bbox 86 1174 756 1237; baseline 0.006 -18"><span class='ocrx_word' id='word_1_96' title='bbox 86 1182 175 1227; x_wconf 83' lang='lat' dir='ltr'>natum,</span> <span class='ocrx_word' id='word_1_97' title='bbox 182 1193 185 1197; x_wconf 93' lang='lat'>·</span> <span class='ocrx_word' id='word_1_98' title='bbox 192 1174 355 1237; x_wconf 58' lang='lat' dir='ltr'>precibus’suis</span> <span class='ocrx_word' id='word_1_99' title='bbox 365 1189 412 1220; x_wconf 91' lang='lat' dir='ltr'>nou</span> <span class='ocrx_word' id='word_1_100' title='bbox 422 1174 578 1221; x_wconf 75' lang='lat' dir='ltr'>concederent.</span> <span class='ocrx_word' id='word_1_101' title='bbox 611 1174 674 1221; x_wconf 83' lang='lat' dir='ltr'>Exin</span> <span class='ocrx_word' id='word_1_102' title='bbox 685 1176 756 1225; x_wconf 70' lang='lat' dir='ltr'>nevi-¹</span> 
     </span>
     <span class='ocr_line' id='line_1_17' title="bbox 85 1236 750 1301; baseline 0.006 -18"><span class='ocrx_word' id='word_1_103' title='bbox 85 1238 182 1300; x_wconf 77' lang='lat' dir='ltr'>gutioue</span> <span class='ocrx_word' id='word_1_104' title='bbox 191 1238 258 1284; x_wconf 85' lang='lat' dir='ltr'>celeri</span> <span class='ocrx_word' id='word_1_105' title='bbox 267 1236 435 1299; x_wconf 81' lang='lat' dir='ltr'>percyoladus,</span> <span class='ocrx_word' id='word_1_106' title='bbox 445 1246 470 1285; x_wconf 91' lang='lat' dir='ltr'>et</span> <span class='ocrx_word' id='word_1_107' title='bbox 480 1240 612 1301; x_wconf 84' lang='lat' dir='ltr'>compendia</span> <span class='ocrx_word' id='word_1_108' title='bbox 621 1238 695 1295; x_wconf 67' lang='lat' dir='ltr'>mans,</span> <span class='ocrx_word' id='word_1_109' title='bbox 712 1255 750 1287; x_wconf 83' lang='lat' dir='ltr'>aa·</span> 
     </span>
     <span class='ocr_line' id='line_1_18' title="bbox 85 1303 750 1365; baseline 0.005 -17"><span class='ocrx_word' id='word_1_110' title='bbox 85 1303 191 1363; x_wconf 76' lang='lat' dir='ltr'>requitur</span> <span class='ocrx_word' id='word_1_111' title='bbox 202 1303 363 1350; x_wconf 84' lang='lat' dir='ltr'>Gennsnieum</span> <span class='ocrx_word' id='word_1_112' title='bbox 373 1304 433 1365; x_wconf 84' lang='lat' dir='ltr'>apud</span> <span class='ocrx_word' id='word_1_113' title='bbox 449 1304 545 1351; x_wconf 85' lang='lat' dir='ltr'>insulam</span> <span class='ocrx_word' id='word_1_114' title='bbox 552 1304 682 1362; x_wconf 72' lang='lat' dir='ltr'>Rhodum·</span> <span class='ocrx_word' id='word_1_115' title='bbox 691 1305 750 1352; x_wconf 88' lang='lat' dir='ltr'>haud</span> 
     </span>
     <span class='ocr_line' id='line_1_19' title="bbox 86 1367 750 1430; baseline 0.008 -17"><span class='ocrx_word' id='word_1_116' title='bbox 86 1368 200 1424; x_wconf 87' lang='lat' dir='ltr'>nescium,</span> <span class='ocrx_word' id='word_1_117' title='bbox 219 1368 299 1429; x_wconf 87' lang='lat' dir='ltr'>quibus</span> <span class='ocrx_word' id='word_1_118' title='bbox 315 1367 498 1415; x_wconf 68' lang='lat' dir='ltr'>insecutionibus</span> <span class='ocrx_word' id='word_1_119' title='bbox 516 1370 599 1430; x_wconf 82' lang='lat' dir='ltr'>petitus</span> <span class='ocrx_word' id='word_1_120' title='bbox 617 1369 689 1417; x_wconf 83' lang='lat' dir='ltr'>soret:</span> <span class='ocrx_word' id='word_1_121' title='bbox 709 1369 750 1419; x_wconf 85' lang='lat' dir='ltr'>sed</span> 
     </span>
     <span class='ocr_line' id='line_1_20' title="bbox 84 1430 749 1495; baseline 0.003 -16"><span class='ocrx_word' id='word_1_122' title='bbox 84 1430 153 1479; x_wconf 68' lang='lat' dir='ltr'>tanti</span> <span class='ocrx_word' id='word_1_123' title='bbox 163 1432 334 1479; x_wconf 74' lang='lat' dir='ltr'>mmsoentdine</span> <span class='ocrx_word' id='word_1_124' title='bbox 343 1434 485 1493; x_wconf 57' lang='lat' dir='ltr'>agebstsut,</span> <span class='ocrx_word' id='word_1_125' title='bbox 504 1448 555 1480; x_wconf 87' lang='lat' dir='ltr'>cum</span> <span class='ocrx_word' id='word_1_126' title='bbox 565 1440 617 1481; x_wconf 84' lang='lat' dir='ltr'>orta</span> <span class='ocrx_word' id='word_1_127' title='bbox 627 1441 749 1495; x_wconf 72' lang='lat' dir='ltr'>tempestae</span> 
     </span>
     <span class='ocr_line' id='line_1_21' title="bbox 82 1496 749 1559; baseline 0.007 -17"><span class='ocrx_word' id='word_1_128' title='bbox 82 1496 209 1558; x_wconf 78' lang='lat' dir='ltr'>superetin</span> <span class='ocrx_word' id='word_1_129' title='bbox 219 1498 320 1558; x_wconf 78' lang='lat' dir='ltr'>obrupta,</span> <span class='ocrx_word' id='word_1_130' title='bbox 331 1504 454 1559; x_wconf 85' lang='lat' dir='ltr'>possetque</span> <span class='ocrx_word' id='word_1_131' title='bbox 464 1498 567 1545; x_wconf 85' lang='lat' dir='ltr'>interitus</span> <span class='ocrx_word' id='word_1_132' title='bbox 578 1499 661 1545; x_wconf 86' lang='lat' dir='ltr'>inimici</span> <span class='ocrx_word' id='word_1_133' title='bbox 669 1500 698 1546; x_wconf 86' lang='lat' dir='ltr'>acl</span> <span class='ocrx_word' id='word_1_134' title='bbox 708 1514 749 1547; x_wconf 86' lang='lat' dir='ltr'>oa-</span> 
     </span>
     <span class='ocr_line' id='line_1_22' title="bbox 84 1560 750 1623; baseline 0.002 -15"><span class='ocrx_word' id='word_1_135' title='bbox 84 1576 138 1608; x_wconf 88' lang='lat' dir='ltr'>sum</span> <span class='ocrx_word' id='word_1_136' title='bbox 150 1560 234 1617; x_wconf 75' lang='lat' dir='ltr'>reterri,</span> <span class='ocrx_word' id='word_1_137' title='bbox 253 1562 341 1608; x_wconf 83' lang='lat' dir='ltr'>miserit</span> <span class='ocrx_word' id='word_1_138' title='bbox 356 1562 467 1618; x_wconf 79' lang='lat' dir='ltr'>triremes,</span> <span class='ocrx_word' id='word_1_139' title='bbox 485 1577 577 1623; x_wconf 83' lang='lat' dir='ltr'>quarum</span> <span class='ocrx_word' id='word_1_140' title='bbox 594 1563 691 1609; x_wconf 88' lang='lat' dir='ltr'>subsidio</span> <span class='ocrx_word' id='word_1_141' title='bbox 702 1563 750 1615; x_wconf 83' lang='lat' dir='ltr'>dis·</span> 
     </span>
     <span class='ocr_line' id='line_1_23' title="bbox 84 1625 747 1688; baseline 0.002 -16"><span class='ocrx_word' id='word_1_142' title='bbox 84 1626 176 1672; x_wconf 77' lang='lat' dir='ltr'>crimini</span> <span class='ocrx_word' id='word_1_143' title='bbox 187 1627 341 1673; x_wconf 82' lang='lat' dir='ltr'>eximeretnr.·</span> <span class='ocrx_word' id='word_1_144' title='bbox 360 1625 444 1687; x_wconf 80' lang='lat' dir='ltr'>Neque</span> <span class='ocrx_word' id='word_1_145' title='bbox 463 1634 538 1674; x_wconf 88' lang='lat' dir='ltr'>tamen</span> <span class='ocrx_word' id='word_1_146' title='bbox 554 1628 670 1688; x_wconf 81' lang='lat' dir='ltr'>mitigatus</span> <span class='ocrx_word' id='word_1_147' title='bbox 686 1626 747 1682; x_wconf 84' lang='lat' dir='ltr'>Piso,</span> 
     </span>
     <span class='ocr_line' id='line_1_24' title="bbox 83 1690 750 1752; baseline 0.003 -15"><span class='ocrx_word' id='word_1_148' title='bbox 83 1691 163 1737; x_wconf 78' lang='lat' dir='ltr'>etnix</span> <span class='ocrx_word' id='word_1_149' title='bbox 176 1690 219 1736; x_wconf 89' lang='lat' dir='ltr'>diei</span> <span class='ocrx_word' id='word_1_150' title='bbox 235 1706 324 1738; x_wconf 86' lang='lat' dir='ltr'>moram·</span> <span class='ocrx_word' id='word_1_151' title='bbox 338 1706 464 1752; x_wconf 87' lang='lat' dir='ltr'>perpessus,</span> <span class='ocrx_word' id='word_1_152' title='bbox 483 1691 564 1752; x_wconf 84' lang='lat' dir='ltr'>linquit</span> <span class='ocrx_word' id='word_1_153' title='bbox 573 1692 750 1747; x_wconf 73' lang='lat' dir='ltr'>*Germanieunu&#39;</span> 
     </span>
     <span class='ocr_line' id='line_1_25' title="bbox 83 1755 749 1819; baseline 0.003 -18"><span class='ocrx_word' id='word_1_154' title='bbox 83 1756 257 1818; x_wconf 68' lang='lat' dir='ltr'>praevenitque:</span> <span class='ocrx_word' id='word_1_155' title='bbox 277 1763 310 1811; x_wconf 82' lang='lat' dir='ltr'>et,</span> <span class='ocrx_word' id='word_1_156' title='bbox 327 1762 445 1817; x_wconf 84' lang='lat' dir='ltr'>postquam</span> <span class='ocrx_word' id='word_1_157' title='bbox 465 1755 554 1816; x_wconf 82' lang='lat' dir='ltr'>Syriam</span> <span class='ocrx_word' id='word_1_158' title='bbox 565 1772 591 1803; x_wconf 87' lang='lat' dir='ltr'>ac</span> <span class='ocrx_word' id='word_1_159' title='bbox 601 1757 703 1819; x_wconf 83' lang='lat' dir='ltr'>legiones</span> <span class='ocrx_word' id='word_1_160' title='bbox 714 1764 749 1803; x_wconf 90' lang='lat' dir='ltr'>at·</span> 
     </span>
     <span class='ocr_line' id='line_1_26' title="bbox 82 1820 750 1883; baseline 0.003 -18"><span class='ocrx_word' id='word_1_161' title='bbox 82 1821 147 1881; x_wconf 74' lang='lat' dir='ltr'>tigit,</span> <span class='ocrx_word' id='word_1_162' title='bbox 165 1820 294 1881; x_wconf 77' lang='lat' dir='ltr'>largitione,</span> <span class='ocrx_word' id='word_1_163' title='bbox 312 1820 405 1877; x_wconf 87' lang='lat' dir='ltr'>ambitu,</span> <span class='ocrx_word' id='word_1_164' title='bbox 421 1820 511 1867; x_wconf 84' lang='lat' dir='ltr'>infimos</span> <span class='ocrx_word' id='word_1_165' title='bbox 529 1822 699 1883; x_wconf 72' lang='lat' dir='ltr'>manipularium</span> <span class='ocrx_word' id='word_1_166' title='bbox 711 1822 750 1883; x_wconf 82' lang='lat' dir='ltr'>ju·</span> 
     </span>
     <span class='ocr_line' id='line_1_27' title="bbox 84 1884 750 1941; baseline 0.002 -10"><span class='ocrx_word' id='word_1_167' title='bbox 84 1884 173 1940; x_wconf 86' lang='lat' dir='ltr'>vando,-</span> <span class='ocrx_word' id='word_1_168' title='bbox 191 1899 243 1930; x_wconf 89' lang='lat' dir='ltr'>cum</span> <span class='ocrx_word' id='word_1_169' title='bbox 260 1886 517 1941; x_wconf 73' lang='lat' dir='ltr'>veterescenturiones,</span> <span class='ocrx_word' id='word_1_170' title='bbox 536 1900 626 1932; x_wconf 84' lang='lat' dir='ltr'>severos</span> <span class='ocrx_word' id='word_1_171' title='bbox 640 1886 750 1941; x_wconf 84' lang='lat' dir='ltr'>tribunos,</span> 
     </span>
     <span class='ocr_line' id='line_1_28' title="bbox 83 1950 761 2009; baseline 0 -14"><span class='ocrx_word' id='word_1_172' title='bbox 83 1950 224 2003; x_wconf 77' lang='lat' dir='ltr'>demoveret,</span> <span class='ocrx_word' id='word_1_173' title='bbox 235 1950 330 2009; x_wconf 78' lang='lat' dir='ltr'>lotaque</span> <span class='ocrx_word' id='word_1_174' title='bbox 339 1965 418 1997; x_wconf 89' lang='lat' dir='ltr'>eorum</span> <span class='ocrx_word' id='word_1_175' title='bbox 428 1950 546 1997; x_wconf 81' lang='lat' dir='ltr'>clientibus</span> <span class='ocrx_word' id='word_1_176' title='bbox 554 1951 600 1997; x_wconf 89' lang='lat' dir='ltr'>suis</span> <span class='ocrx_word' id='word_1_177' title='bbox 609 1950 647 1997; x_wconf 76' lang='lat' dir='ltr'>vel</span> <span class='ocrx_word' id='word_1_178' title='bbox 658 1950 761 1997; x_wconf 73' lang='lat' dir='ltr'>deterri·&#39;&#39;</span> 
     </span>
     <span class='ocr_line' id='line_1_29' title="bbox 85 2014 752 2074; baseline -0.004 -13"><span class='ocrx_word' id='word_1_179' title='bbox 85 2014 220 2074; x_wconf 65' lang='lat' dir='ltr'>monuique</span> <span class='ocrx_word' id='word_1_180' title='bbox 229 2014 364 2069; x_wconf 81' lang='lat' dir='ltr'>attribueret,</span> <span class='ocrx_word' id='word_1_181' title='bbox 381 2014 490 2061; x_wconf 85' lang='lat' dir='ltr'>desidiam</span> <span class='ocrx_word' id='word_1_182' title='bbox 500 2015 523 2060; x_wconf 92' lang='lat' dir='ltr'>in</span> <span class='ocrx_word' id='word_1_183' title='bbox 534 2015 622 2071; x_wconf 76' lang='lat' dir='ltr'>eastris,</span> <span class='ocrx_word' id='word_1_184' title='bbox 638 2014 752 2061; x_wconf 82' lang='lat' dir='ltr'>licentiam</span> 
     </span>
     <span class='ocr_line' id='line_1_30' title="bbox 83 2078 751 2141; baseline 0.001 -17"><span class='ocrx_word' id='word_1_185' title='bbox 83 2080 111 2125; x_wconf 84' lang='lat' dir='ltr'>in</span> <span class='ocrx_word' id='word_1_186' title='bbox 122 2078 221 2132; x_wconf 87' lang='lat' dir='ltr'>urbibus,</span> <span class='ocrx_word' id='word_1_187' title='bbox 231 2092 316 2140; x_wconf 77' lang='lat' dir='ltr'>rugum</span> <span class='ocrx_word' id='word_1_188' title='bbox 327 2094 353 2125; x_wconf 87' lang='lat' dir='ltr'>nc</span> <span class='ocrx_word' id='word_1_189' title='bbox 363 2079 516 2127; x_wconf 78' lang='lat' dir='ltr'>lasciuientem</span> <span class='ocrx_word' id='word_1_190' title='bbox 528 2094 567 2139; x_wconf 88' lang='lat' dir='ltr'>per</span> <span class='ocrx_word' id='word_1_191' title='bbox 578 2093 645 2141; x_wconf 81' lang='lat' dir='ltr'>agros</span> <span class='ocrx_word' id='word_1_192' title='bbox 656 2078 751 2125; x_wconf 83' lang='lat' dir='ltr'>militem</span> 
     </span>
     <span class='ocr_line' id='line_1_31' title="bbox 84 2142 752 2204; baseline 0 -13"><span class='ocrx_word' id='word_1_193' title='bbox 84 2143 180 2197; x_wconf 76' lang='lat' dir='ltr'>sineret,</span> <span class='ocrx_word' id='word_1_194' title='bbox 189 2158 226 2189; x_wconf 84' lang='lat' dir='ltr'>eo</span> <span class='ocrx_word' id='word_1_195' title='bbox 241 2158 314 2203; x_wconf 88' lang='lat' dir='ltr'>usque</span> <span class='ocrx_word' id='word_1_196' title='bbox 330 2144 478 2204; x_wconf 85' lang='lat' dir='ltr'>corruptionis</span> <span class='ocrx_word' id='word_1_197' title='bbox 489 2142 603 2204; x_wconf 82' lang='lat' dir='ltr'>profectus</span> <span class='ocrx_word' id='word_1_198' title='bbox 613 2150 655 2198; x_wconf 82' lang='lat' dir='ltr'>eet,</span> <span class='ocrx_word' id='word_1_199' title='bbox 667 2150 692 2190; x_wconf 86' lang='lat' dir='ltr'>ut</span> <span class='ocrx_word' id='word_1_200' title='bbox 703 2158 752 2191; x_wconf 85' lang='lat' dir='ltr'>ser·</span> 
     </span>
     <span class='ocr_line' id='line_1_32' title="bbox 83 2208 751 2269; baseline 0 -16"><span class='ocrx_word' id='word_1_201' title='bbox 83 2222 158 2254; x_wconf 82' lang='lat' dir='ltr'>mone</span> <span class='ocrx_word' id='word_1_202' title='bbox 169 2208 233 2269; x_wconf 80' lang='lat' dir='ltr'>vulgi</span> <span class='ocrx_word' id='word_1_203' title='bbox 243 2222 323 2269; x_wconf 84' lang='lat' dir='ltr'>parens</span> <span class='ocrx_word' id='word_1_204' title='bbox 334 2208 450 2269; x_wconf 88' lang='lat' dir='ltr'>legionum</span> <span class='ocrx_word' id='word_1_205' title='bbox 461 2208 587 2255; x_wconf 81' lang='lat' dir='ltr'>haberetur.</span> <span class='ocrx_word' id='word_1_206' title='bbox 617 2208 669 2255; x_wconf 85' lang='lat' dir='ltr'>Nee</span> <span class='ocrx_word' id='word_1_207' title='bbox 681 2208 751 2255; x_wconf 85' lang='lat' dir='ltr'>Plan·</span> 
     </span>
     <span class='ocr_line' id='line_1_33' title="bbox 84 2272 752 2330; baseline -0.006 -9"><span class='ocrx_word' id='word_1_208' title='bbox 84 2273 140 2321; x_wconf 78' lang='lat' dir='ltr'>etna</span> <span class='ocrx_word' id='word_1_209' title='bbox 150 2286 176 2317; x_wconf 91' lang='lat' dir='ltr'>se</span> <span class='ocrx_word' id='word_1_210' title='bbox 186 2272 450 2319; x_wconf 75' lang='lat' dir='ltr'>intradecorafeminis</span> <span class='ocrx_word' id='word_1_211' title='bbox 466 2273 570 2330; x_wconf 87' lang='lat' dir='ltr'>tenehot;</span> <span class='ocrx_word' id='word_1_212' title='bbox 587 2272 627 2319; x_wconf 84' lang='lat' dir='ltr'>red</span> <span class='ocrx_word' id='word_1_213' title='bbox 644 2272 752 2319; x_wconf 86' lang='lat' dir='ltr'>exercitio</span> 
     </span>
     <span class='ocr_line' id='line_1_34' title="bbox 83 2336 751 2399; baseline 0.001 -18"><span class='ocrx_word' id='word_1_214' title='bbox 83 2337 197 2397; x_wconf 87' lang='lat' dir='ltr'>equitum,</span> <span class='ocrx_word' id='word_1_215' title='bbox 214 2336 342 2385; x_wconf 78' lang='lat' dir='ltr'>decursibus</span> <span class='ocrx_word' id='word_1_216' title='bbox 352 2338 478 2398; x_wconf 77' lang='lat' dir='ltr'>cohortium</span> <span class='ocrx_word' id='word_1_217' title='bbox 487 2338 613 2393; x_wconf 75' lang='lat' dir='ltr'>interesse3</span> <span class='ocrx_word' id='word_1_218' title='bbox 629 2338 653 2383; x_wconf 90' lang='lat' dir='ltr'>in</span> <span class='ocrx_word' id='word_1_219' title='bbox 665 2337 751 2399; x_wconf 83' lang='lat' dir='ltr'>Agrip-</span> 
     </span>
     <span class='ocr_line' id='line_1_35' title="bbox 83 2401 751 2463; baseline -0.003 -14"><span class='ocrx_word' id='word_1_220' title='bbox 83 2402 172 2463; x_wconf 75' lang='lat' dir='ltr'>pium,</span> <span class='ocrx_word' id='word_1_221' title='bbox 191 2402 216 2447; x_wconf 93' lang='lat' dir='ltr'>in</span> <span class='ocrx_word' id='word_1_222' title='bbox 227 2401 387 2449; x_wconf 86' lang='lat' dir='ltr'>Germanicum</span> <span class='ocrx_word' id='word_1_223' title='bbox 398 2402 546 2451; x_wconf 82' lang='lat' dir='ltr'>contumelias</span> <span class='ocrx_word' id='word_1_224' title='bbox 552 2402 641 2463; x_wconf 51' lang='lat' dir='ltr'>jacere</span> <span class='ocrx_word' id='word_1_225' title='bbox 659 2402 751 2461; x_wconf 84' lang='lat' dir='ltr'>quibus·</span> 
     </span>
     <span class='ocr_line' id='line_1_36' title="bbox 77 2466 751 2526; baseline -0.004 -13"><span class='ocrx_word' id='word_1_226' title='bbox 77 2466 139 2524; x_wconf 50' lang='lat' dir='ltr'>‚dam</span> <span class='ocrx_word' id='word_1_227' title='bbox 148 2466 218 2524; x_wconf 77' lang='lat' dir='ltr'>etiam</span> <span class='ocrx_word' id='word_1_228' title='bbox 231 2467 340 2513; x_wconf 88' lang='lat' dir='ltr'>bonorum</span> <span class='ocrx_word' id='word_1_229' title='bbox 351 2466 449 2512; x_wconf 88' lang='lat' dir='ltr'>militum</span> <span class='ocrx_word' id='word_1_230' title='bbox 457 2468 485 2513; x_wconf 86' lang='lat' dir='ltr'>ad</span> <span class='ocrx_word' id='word_1_231' title='bbox 493 2467 551 2513; x_wconf 83' lang='lat' dir='ltr'>mela</span> <span class='ocrx_word' id='word_1_232' title='bbox 562 2466 667 2526; x_wconf 83' lang='lat' dir='ltr'>obsequia</span> <span class='ocrx_word' id='word_1_233' title='bbox 674 2480 751 2526; x_wconf 87' lang='lat' dir='ltr'>protn-</span> 
     </span>
     <span class='ocr_line' id='line_1_37' title="bbox 84 2529 755 2593; baseline -0.004 -17"><span class='ocrx_word' id='word_1_234' title='bbox 84 2532 124 2586; x_wconf 87' lang='lat' dir='ltr'>tis,</span> <span class='ocrx_word' id='word_1_235' title='bbox 140 2532 208 2591; x_wconf 87' lang='lat' dir='ltr'>quod,</span> <span class='ocrx_word' id='word_1_236' title='bbox 226 2530 285 2577; x_wconf 89' lang='lat' dir='ltr'>baud</span> <span class='ocrx_word' id='word_1_237' title='bbox 295 2532 367 2577; x_wconf 84' lang='lat' dir='ltr'>inuito</span> <span class='ocrx_word' id='word_1_238' title='bbox 380 2532 515 2593; x_wconf 85' lang='lat' dir='ltr'>imperatore</span> <span class='ocrx_word' id='word_1_239' title='bbox 534 2545 561 2577; x_wconf 88' lang='lat' dir='ltr'>ea</span> <span class='ocrx_word' id='word_1_240' title='bbox 577 2529 631 2583; x_wconf 86' lang='lat' dir='ltr'>fieri,</span> <span class='ocrx_word' id='word_1_241' title='bbox 652 2529 755 2577; x_wconf 76' lang='lat' dir='ltr'>occtdtua</span> 
     </span>
     <span class='ocr_line' id='line_1_38' title="bbox 85 2596 302 2645; baseline 0.005 -5"><span class='ocrx_word' id='word_1_242' title='bbox 85 2610 169 2645; x_wconf 78' lang='lat' dir='ltr'>tumor</span> <span class='ocrx_word' id='word_1_243' title='bbox 179 2596 302 2644; x_wconf 84' lang='lat' dir='ltr'>incedebat.</span> 
     </span>
    </p>

    <p class='ocr_par' dir='ltr' id='par_1_4' title="bbox 88 2654 758 2771">
     <span class='ocr_line' id='line_1_39' title="bbox 122 2654 758 2721; baseline -0.006 -15"><span class='ocrx_word' id='word_1_244' title='bbox 122 2658 192 2706; x_wconf 88' lang='lat' dir='ltr'>LVI.</span> <span class='ocrx_word' id='word_1_245' title='bbox 211 2659 286 2707; x_wconf 51' lang='lat' dir='ltr'>Nota‘</span> <span class='ocrx_word' id='word_1_246' title='bbox 296 2662 346 2709; x_wconf 76' lang='lat' dir='ltr'>liaeo</span> <span class='ocrx_word' id='word_1_247' title='bbox 367 2660 520 2719; x_wconf 86' lang='lat' dir='ltr'>Gennanioo;</span> <span class='ocrx_word' id='word_1_248' title='bbox 531 2660 532 2663; x_wconf 76' lang='grc'>’</span> <span class='ocrx_word' id='word_1_249' title='bbox 545 2660 585 2706; x_wconf 82' lang='lat' dir='ltr'>sed</span> <span class='ocrx_word' id='word_1_250' title='bbox 595 2657 710 2721; x_wconf 79' lang='lat' dir='ltr'>praeverti</span> <span class='ocrx_word' id='word_1_251' title='bbox 727 2654 758 2702; x_wconf 84' lang='lat' dir='ltr'>ad</span> 
     </span>
     <span class='ocr_line' id='line_1_40' title="bbox 88 2738 564 2771; baseline 0.004 -2"><span class='ocrx_word' id='word_1_252' title='bbox 88 2738 144 2771; x_wconf 80' lang='lat' dir='ltr'>von.</span> <span class='ocrx_word' id='word_1_253' title='bbox 157 2739 174 2770; x_wconf 90' lang='lat'>1.</span> <span class='ocrx_word' id='word_1_254' title='bbox 422 2765 425 2769; x_wconf 14' lang='grc' dir='ltr'><em>Δ</em></span> <span class='ocrx_word' id='word_1_255' title='bbox 546 2740 564 2771; x_wconf 85' lang='lat' dir='ltr'>n</span> 
     </span>
    </p>
   </div>
   <div class='ocr_carea' id='block_1_3' title="bbox 0 0 926 2909">
    <p class='ocr_par' dir='ltr' id='par_1_5' title="bbox 0 0 926 2909">
     <span class='ocr_line' id='line_1_41' title="bbox 0 0 926 2909; baseline 0 0"><span class='ocrx_word' id='word_1_256' title='bbox 0 0 926 2909; x_wconf 95' lang='lat' dir='ltr'> </span> 
     </span>
    </p>
   </div>
  </div>
 </body>
</html>
