1842 2909
133 95 149 138 o
229 78 420 133 ANNALIUM
437 79 630 133 Latous.
679 86 804 135 meren

138 216 238 279 virgines
249 214 334 269 Veste,
346 212 463 260 Tiberium
474 221 497 261 et
507 212 597 262 Liviam
608 214 708 263 heredes
718 214 809 261 habnt.

141 280 208 329 Livio
223 280 247 326 in
263 278 370 325 familiam
385 276 470 327 Juliam
488 294 615 340 nomenque
635 280 747 341 Augustae
765 293 810 325 as-

142 346 284 393 sumebatur:
303 344 326 390 in
338 358 400 405 spem
412 344 539 396 secundam.
553 352 647 406 nepotes
657 351 809 406 pronepotes-

143 424 201 471 que:
221 408 286 454 tertio
298 408 369 469 gradu
382 409 492 467 primores
506 409 602 455 civitatis
617 408 741 469 scripserat,
757 408 810 469 ple·

144 488 225 533 rosque
233 473 317 519 invisos
326 473 372 525 sibi,
384 471 535 533 sedjactantii
542 471 813 534 gloritqoesdposteros.

146 538 235 599 legata
246 552 291 583 non
303 536 361 581 ultra
375 536 464 581 civilem
481 537 579 591 modum,
596 537 640 583 nisi
651 536 711 595 quod
725 535 811 598 populo

147 610 170 649 et
181 602 239 663 plebi
251 598 450 655 CCCCXXXV,
463 602 617 660 praetoriarnm
629 600 754 649 cohortium
766 600 811 646 mi·

145 668 223 713 litibus
234 665 323 727 singula
333 664 450 710 nnmmdm
461 665 536 718 millia,
548 665 557 710 l
587 665 592 676 '
609 666 677 711 nariis
685 661 759 718 CCC,
770 679 812 710 eo-

148 731 249 777 hortibur
260 730 342 777 civium
351 728 506 775 Romanorum
518 726 562 777 CC
586 726 630 777 CC
641 744 745 775 nummos
755 728 813 774 viri·

149 796 191 841 tim
202 794 268 841 dedit.
301 791 362 839 Tum
373 794 522 840 consultatum
533 793 562 840 de
569 794 704 849 houonlrun
721 807 751 839 ex
761 788 814 853 quia

150 859 250 908 maxime
260 857 361 918 insignes
368 858 425 913 visi3
442 856 539 919 utporti
545 856 684 918 Triumphali
695 859 815 903 duceretur

150 922 226 976 funus,
241 920 322 968 Gallus
333 920 438 977 Asinius3
452 929 480 968 ut
487 922 565 982 legum
575 922 670 969 lntanrm
681 922 748 973 titult
764 922 814 968 vic·

152 996 225 1033 tarum
235 986 264 1032 ab
274 1000 302 1032 eo
312 986 415 1047 gentium
425 986 533 1032 vocabula
543 986 712 1042 anteferrentur,
726 984 757 1032 L.
766 986 814 1031 Ar-

152 1051 240 1097 runtius
251 1046 365 1097 censuere.
397 1049 502 1095 Addebat
514 1049 615 1097 Messala
625 1048 736 1103 Valerius,
748 1065 815 1096 reno·

152 1116 251 1161 vandum
262 1130 301 1175 per
317 1128 388 1160 annos
403 1126 568 1160 sacramentum
583 1117 607 1160 in
622 1129 705 1161 nomen
716 1112 813 1160 'liberiir

152 1180 348 1240 interrogatusque
355 1193 369 1223 a
376 1176 474 1232 Tiberio,
483 1193 537 1224 oum
546 1194 571 1224 se
578 1180 697 1225 mandante
705 1194 754 1225 eam
763 1194 818 1226 stru·>

154 1245 248 1291 tentiam
264 1240 411 1302 promsisset?
428 1250 508 1303 sponte
523 1243 612 1294 dixisse,
630 1242 758 1304 reapondit;
776 1257 817 1290 ne·

154 1323 199 1369 que
210 1308 233 1353 in
244 1307 278 1359 iis,
290 1320 340 1365 quae
351 1305 378 1352 ad
390 1307 546 1366 rempublicam
556 1308 699 1367 pertinerent,
716 1307 818 1362 consilio,

110 1378 112 1385 ⁴
157 1372 200 1419 nisi
212 1385 259 1423 suo,
277 1385 375 1422 usurum,
392 1370 429 1415 vel
442 1385 493 1416 cum
502 1371 601 1431 periculo
611 1369 748 1418 ostensionis.
781 1371 819 1418 Ea

158 1436 205 1483 sola
217 1434 301 1495 species
312 1433 414 1479 adulandi
426 1442 546 1494 supererat.
580 1432 729 1482 Conclamant
736 1442 819 1497 patres,

158 1498 822 1625 tlttltlllllsltottttl‘tlllnlt

159 1628 233 1673 edicto
243 1628 337 1680 monuit,
354 1642 389 1681 ne,
404 1634 430 1672 ut
443 1628 555 1685 quondam
572 1628 647 1674 nimiis
661 1628 740 1675 studita
753 1628 821 1675 funus

159 1692 204 1738 divi
209 1691 225 1739 J
227 1691 264 1737 ulii
273 1688 574 1753 turbissentitnAugustum
583 1692 663 1738 infore
671 1693 745 1754 potina
753 1708 821 1751 quam

159 1758 183 1801 in
202 1753 288 1816 Campo
307 1753 396 1808 Martis,
416 1754 469 1801 sede
486 1755 601 1809 demnatd,
620 1758 713 1803 cremari
731 1756 824 1805 velient·

161 1816 209 1867 Die
225 1819 309 1867 funeris
325 1820 406 1867 milites
422 1818 485 1865 velut
499 1820 603 1881 praesidio
620 1818 709 1875 stetire,
725 1823 823 1872 multum

161 1884 308 1938 irridentibus,
328 1884 366 1942 qui
376 1884 426 1943 ,ipsi
443 1884 551 1936 viderant,
569 1885 650 1945 quique
666 1901 680 1932 a
695 1887 824 1947 parentibus

161 1955 300 2009 acceperant,
317 1948 375 1994 diem
385 1948 447 1993 illum
459 1949 522 1994 crudi
533 1948 605 1995 adhuc
616 1951 706 2003 servitii,
723 1958 747 1998 et
757 1952 823 1997 liber·

162 2013 215 2059 tatis
223 2014 358 2074 improspere
368 2012 477 2072 repetitae,
487 2028 538 2059 cum
549 2014 636 2061 occisus
643 2015 738 2063 dictator
747 2012 825 2062 Cesar

163 2077 213 2123 aliis
223 2077 351 2137 pessimum,
363 2076 411 2123 aliis
422 2076 594 2137 pulcherrimum
600 2077 687 2125 facinus
698 2079 822 2126 videretur:

164 2156 224 2187 nunc
235 2156 311 2193 senem
321 2141 451 2202 principem,
461 2138 532 2201 longi
539 2139 645 2201 potentii,
653 2143 749 2204 provisis
756 2144 824 2190 etiam

163 2204 279 2251 ltaeredum
290 2205 313 2249 in
324 2204 483 2265 rempublicam
494 2206 578 2266 opibus,
592 2207 675 2253 auxilio
685 2206 772 2254 scilicet
780 2208 824 2253 mi·

162 2268 222 2315 litari
234 2268 347 2322 tuendum,
359 2276 384 2314 nt
395 2269 508 2329 sepultura
517 2271 565 2330 ejus
576 2271 650 2331 quieta
659 2270 726 2318 soret·

199 2330 244 2377 IX.
263 2331 352 2381 Multus
359 2333 466 2393 hincipso
475 2334 503 2379 de
511 2334 704 2394 Augustosermo,
715 2336 827 2397 plerisque

164 2410 224 2471 ysna
237 2397 385 2471 ¹mirantibus:
401 2398 463 2473 quod
479 2398 538 2444 idem
550 2398 596 2445 dies
612 2400 697 2461 accepti
712 2399 825 2461 quondam

164 2475 384 2579 ttltllltt‘lt
391 2466 481 2587 tlt?
489 2462 825 2590 {lttttdllllnl

163 2584 279 2637 linivisset.
312 2588 428 2638 Numerus
445 2592 512 2645 etiam
528 2593 684 2641 consulatuum
700 2591 824 2657 celebraba-¹
