1842 2909
94 137 197 178 acus.
247 133 438 184 ANNALIIJM
453 134 677 186 muctam.
709 139 760 184 aot

95 271 219 326 tentatque
228 265 299 326 prima
308 267 434 326 postremis,
442 272 466 312 et
476 267 642 329 bonajuventte
653 275 757 317 senectus

95 329 210 392 flagitium
218 330 350 378 obliteravit.

140 393 265 442 XXXIII.
290 396 325 441 At
349 409 379 442 cx
404 396 495 457 reguba,
523 397 584 457 prior
610 396 757 447 Mithridates

98 458 266 512 Ph2raamanen
284 460 387 522 perpulit,
403 461 456 507 doio
470 467 494 506 et
507 462 529 506 vi
543 471 636 508 conatur
653 477 706 508 auor
717 463 757 523 ju-

95 539 168 570 vare:
197 525 321 586 repertique
350 533 491 587 corruptores
520 526 634 572 ministros
663 525 756 572 Arsacia

96 589 170 637 multo
187 605 241 636 auro
257 589 286 634 ad
302 589 375 636 scelus
391 588 491 652 cogunt:
510 591 577 636 simul
591 587 650 637 Iberi
668 590 757 652 magnis

97 644 170 714 copiis
182 655 313 716 Armeniam
325 655 457 716 irrumpunt,
473 661 496 702 ct
510 655 563 702 urhe
574 653 683 702 Artaxtti
697 655 756 715 poti·

97 726 173 764 untur.
212 717 273 772 Quat
292 726 409 780 postquam
431 720 545 766 Artabano
567 719 664 780 cognita,
684 718 757 766 filiurn

97 782 191 830 Oroden
207 783 303 838 ultorem
324 791 392 845 pmat,
414 785 496 844 datque
518 782 651 832 Parthorum
674 785 757 844 cupiat,

97 847 175 899 mittit,
191 848 230 907 qui
242 848 325 895 auxilia
338 849 440 896 mercede
452 847 559 896 facerent.
590 847 679 896 Contra
695 845 756 894 Pha·

96 925 211 958 mmanet
221 913 343 974 adiungere
351 913 460 967 Albanos,
473 913 545 960 accire
557 913 684 969 θωπείαις
700 928 758 972 quo·

97 991 150 1023 rum
157 977 277 1038 sceptuchi
288 978 399 1038 utrimque
406 978 470 1024 donis
478 978 580 1038 acceptis,
589 991 652 1024 more
658 978 757 1038 gentico,
854 1000 857 1008 ·

98 1041 187 1088 diversa
197 1039 296 1088 induere.
329 1043 374 1090 Sed
384 1039 449 1096 Iberi,
466 1043 565 1088 iocorum
576 1048 685 1104 potenter,
698 1039 756 1089 Cas·
800 1045 805 1053 “

96 1105 137 1168 pia
154 1104 192 1152 rib
207 1105 330 1158 Sarmatam
348 1107 373 1153 in
389 1106 511 1155 Armenios
528 1106 607 1168 raptim
625 1105 756 1154 effundunt:

98 1177 122 1218 at
138 1171 176 1230 qui
192 1169 281 1217 Parthis
290 1171 446 1225 adventabant,
461 1170 527 1217 facile
542 1171 686 1218 arcebantur:
706 1185 758 1216 cum

98 1222 480 1292 abmineamsbottitclnunmn
498 1251 566 1282 uuum
575 1235 689 1296 reliquum,
697 1249 759 1282 mare
820 1253 840 1292 ῃ

98 1301 158 1346 inter
168 1307 192 1346 et
204 1312 318 1353 extremos
328 1300 467 1347 Albanorum
478 1306 572 1354 montet,
585 1308 652 1348 aeataa
664 1300 757 1361 impedi·

79 1411 84 1418 ,
98 1372 149 1412 aet=
167 1365 219 1425 quia
229 1365 317 1411 flatibus
327 1360 455 1410 Etesiarum
466 1364 585 1427 implentur
594 1365 667 1420 radan
684 1365 758 1412 hiber·

97 1445 144 1476 nus
154 1430 239 1476 Auster
249 1429 344 1476 revolvit
354 1427 442 1484 humus,
452 1430 561 1492 pulsoque
572 1430 681 1489 intremus
690 1428 757 1484 freto,

98 1494 177 1541 brevia
186 1494 277 1540 litorum
287 1494 405 1542 nirdantur·
724 1549 727 1556 ¹

132 1557 256 1605 XXXIV.
267 1557 361 1605 interim
370 1558 468 1612 Oroden,
476 1559 588 1606 sociorum
595 1559 691 1620 inopem,
703 1566 765 1604 auc-¹

96 1630 137 1670 tus
151 1624 233 1670 auxilio
246 1622 407 1670 Pharasmanes
420 1638 502 1670 vocare
517 1624 545 1670 ad
557 1637 663 1684 pugnam,
680 1631 703 1668 et
717 1622 757 1668 de-

96 1695 232 1736 trectantem
241 1678 358 1742 inceaiere,
366 1688 493 1749 adequitare
503 1689 588 1742 castris,
598 1685 709 1733 infensare
717 1701 757 1748 pa·

97 1752 166 1800 bula:
185 1767 212 1798 ac
222 1768 289 1814 saepe,
303 1753 327 1798 in
339 1753 430 1798 modum
441 1753 526 1806 obs'tdii,
538 1751 669 1798 stationibus
679 1751 757 1814 cinge·

95 1819 151 1872 bnt3
171 1817 242 1864 donec
260 1816 344 1870 Parthi,
363 1816 548 1863 contumeliarum
567 1815 694 1870 insolentes,
713 1816 759 1861 cir·

96 1881 256 1928 cumsistercnt
265 1896 350 1942 regent,
360 1889 478 1942 poscerent
488 1880 598 1942 proelium.
612 1885 614 1890 “
627 1880 704 1940 Atque¹
714 1879 759 1926 illis
858 1933 861 1938 ‚

97 1945 148 1993 sola
161 1946 185 1991 in
200 1947 274 2006 equite
284 1946 332 1993 vit:
352 1945 514 1992 Pharasmanes
529 1951 553 1992 et
567 1945 641 2006 pedite
655 1944 754 1990 valebat:

96 2025 153 2057 nam
165 2008 224 2056 Iberi
234 2009 366 2072 Albanique,
378 2011 489 2057 saltuosos
499 2011 562 2058 locos
573 2009 703 2063 incolentes,
715 2008 757 2054 du·

96 2075 157 2121 ritiae
174 2075 330 2136 patientiaque
345 2075 419 2136 magia
435 2072 560 2136 Insuevire.
584 2072 714 2132 Feruntque
733 2085 759 2118 ae

96 2139 215 2200 Thestabs
225 2148 293 2194 ortos,
309 2137 354 2199 quit
364 2145 495 2200 tempestate
506 2137 581 2192 Ieron,
595 2144 647 2198 port
656 2144 758 2184 avectam

96 2204 213 2259 Medeam,
229 2206 363 2266 genitosque
373 2218 403 2250 ex
413 2202 440 2249 ea
449 2204 537 2258 liberor,
553 2203 642 2250 inanem
657 2216 711 2248 mox
722 2216 758 2248 rc·

94 2270 159 2331 giam
166 2267 242 2316 AEetae
252 2283 380 2329 vacuosque
391 2265 490 2315 Colchos
501 2268 610 2329 repetivit.
639 2265 759 2326 Multaque

94 2335 126 2380 de
137 2334 229 2380 nomine
238 2334 301 2395 ejus,
309 2341 332 2380 et
345 2333 460 2380 oraculum
472 2331 559 2392 Phryxi
570 2332 695 2378 celebrant:
715 2345 758 2390 nec

95 2398 215 2459 quisquam
225 2399 294 2444 ariete
301 2397 463 2454 aamificaverit,
475 2397 559 2443 credito
567 2397 655 2442 vexisse
666 2396 758 2455 Phryx·

95 2478 152 2510 run:
172 2464 220 2509 site
232 2463 255 2508 id
267 2463 354 2517 animd,
372 2478 411 2508 reu
424 2461 488 2508 naris
499 2462 588 2522 insigne
597 2460 647 2507 fuit.
681 2458 768 2508 Caete‘
787 2499 792 2509 .

94 2541 155 2582 rum,
166 2525 250 2573 directi
260 2528 371 2588 utrimque
379 2527 432 2580 acie,
445 2526 542 2573 Parthus
549 2526 666 2588 imperium
675 2524 757 2581 Orient-

93 2593 133 2644 tis,
149 2591 303 2638 claritudinem
314 2592 487 2648 Arsacidarum
504 2598 626 2650 contraque
635 2588 763 2651 ignobilem·

94 2655 188 2704 Iberum
197 2657 334 2705 mercenario
344 2656 421 2710 milite,
433 2655 567 2702 disserebat:
588 2654 765 2702 Pharasmanes,
