1842 2909
108 110 163 148 nc.
176 110 206 147 14.
276 102 473 153 ANNALIUM·
483 104 536 154 Lm
549 104 568 153 1.
581 104 640 154 Car.
651 110 673 152 8.
755 108 770 155 5

105 250 157 282 reus
169 236 304 288 subderetur,
312 238 379 299 juxta
389 236 520 297 periculoso,
537 235 590 282 ficta
600 252 641 283 seu
651 250 704 283 vera
714 252 767 297 pro-

104 306 183 355 meret,
195 302 283 346 monuit
295 298 390 355 Liviam,
407 316 436 347 ne
448 314 527 347 arcana
538 300 624 355 domus,
637 316 666 347 ne
676 302 769 348 consilia

103 366 234 419 amicorum,
249 365 379 415 ‚ministeria
400 366 497 411 militum
519 366 680 427 vulgarentu13
709 381 768 412 neve

100 428 208 475 Tiberius
219 430 265 475 vim
277 430 412 491 principatus
427 430 555 484 resolveret,
571 438 651 476 cuncta
662 430 689 475 ad
700 446 767 477 sena·

102 501 152 539 tum
168 494 281 540 vocando:
301 508 349 540 eam
363 495 513 540 conditionem
530 508 579 540 esse
596 494 725 556 imperandi,
740 502 767 541 ut

100 572 147 604 non
159 558 223 604 aliter
234 559 289 605 ratio
301 566 394 612 constet,
406 573 473 619 quam
484 559 503 603 si
514 560 553 604 uni
564 560 683 605 reddatur.-

134 618 194 677 vu.
212 622 245 668 At
256 620 338 669 Romae
349 638 413 670 ruere
427 624 450 668 in
467 623 581 669 servitium
598 623 708 677 consules,
725 636 766 683 pa·

100 694 154 740 tres,
170 700 251 747 eques:
271 694 355 747 quanto
365 688 415 747 quis
426 686 538 741 illustrior,
556 693 620 733 tanto
631 689 704 749 magis
714 686 766 733 falsi

101 766 127 797 ac
138 750 276 806 festinantes,
294 752 400 811 vultuque
416 752 548 812 composito,
564 767 594 797 ne
608 752 655 798 laeti
670 766 764 798 excessu

100 814 213 877 principis,
222 830 266 861 neu
275 816 382 862 tristiores
389 816 516 877 primordio,
525 816 642 876 lacrymas,
649 816 764 877 gaudium,

100 888 200 939 questus,
223 880 349 926 adulatione
371 881 500 926 miscebant.
532 880 585 926 Sex.
596 878 719 941 Pompeius
741 886 766 926 et

101 946 155 989 Sex.
163 944 289 1005 Appuleius
300 942 366 991 Coss.
380 944 444 1005 primi
457 944 480 989 in
492 945 560 989 verba
569 943 653 990 'liberii
666 943 765 991 Caesaris

95 1006 215 1070 juravere:
234 1008 336 1069 apudque
347 1024 386 1055 eos
398 1008 463 1054 Seius
475 1008 554 1054 Strabo
562 1014 586 1053 et
597 1006 625 1054 C.
632 1008 765 1063 Turranius,

98 1072 137 1119 ille
148 1073 303 1134 praetoriarum
319 1072 443 1118 cohortium
457 1071 584 1133 praefectus,
601 1072 638 1117 hic
652 1088 760 1118 annonae:

98 1152 155 1183 mox
174 1144 270 1191 senatus,
287 1136 394 1197 milesque
413 1142 436 1182 et
454 1136 563 1198 populus:
589 1150 641 1182 nam
660 1134 765 1182 Tiberius

99 1209 181 1247 cuncta
191 1213 231 1263 per
247 1202 350 1262 consules
366 1200 490 1262 incipiebat,
502 1208 620 1260 =tamquam
636 1208 713 1246 vetere
727 1214 763 1246 re·

98 1264 188 1327 publicai
202 1272 225 1310 et
236 1266 353 1327 ambiguus
364 1266 500 1326 imperandi:
520 1279 549 1309 ne
559 1265 656 1310 edictum
665 1264 762 1325 quidem,

97 1344 143 1390 quo
154 1336 228 1391 patres
242 1329 362 1375 incuriam
372 1330 473 1383 vocabat,
491 1329 533 1375 nisi
547 1330 671 1375 tribuniciae
684 1337 761 1394 potes·

96 1395 150 1441 tatis
171 1394 339 1456 praescriptione
360 1394 440 1453 posuit,
464 1394 509 1454 sub*
527 1392 634 1454 Augusto
655 1402 762 1455 acceptae.

97 1456 175 1505 Verba
185 1458 252 1503 edicti
262 1455 326 1503 fuere
336 1472 413 1521 pauca,
430 1462 454 1502 et
469 1462 536 1502 sentu
546 1458 699 1517 permodesto:
720 1457 761 1505 De

96 1524 218 1569 honoribus
232 1522 330 1583 parentis
343 1521 510 1567 consulturum:
531 1536 603 1581 neque
616 1522 735 1568 abscedere
750 1536 764 1568 a

95 1602 203 1648 corpore:
222 1586 290 1647 idqrre
304 1600 374 1631 unum
391 1600 420 1631 ex
435 1585 529 1646 publicis
548 1587 678 1632 muneribus
695 1600 761 1633 usur-

94 1666 156 1713 pare.
190 1648 241 1705 seu,
253 1648 359 1696 defuncto
371 1649 484 1711 Augusto,
496 1650 587 1711 signum
598 1651 709 1711 praetoriis
720 1666 760 1696 co·

95 1716 203 1769 homulus,
216 1721 241 1761 ut
251 1716 377 1776 imperator,
389 1708 494 1760 dederatz
513 1714 620 1768 excubiae,
634 1728 703 1769 arma,
714 1730 761 1761 cae·

95 1789 144 1827 tera
155 1780 226 1827 aulae:
246 1778 310 1825 miles
320 1780 344 1825 in
354 1778 435 1833 forum,
452 1778 517 1824 miles
533 1778 556 1824 in
568 1780 652 1825 curiam
664 1780 758 1825 comita·

91 1846 174 1891 'baturr
193 1844 270 1890 literas
285 1844 312 1889 ad
327 1844 445 1897 exercitus,
462 1850 575 1903 tamquam
586 1844 666 1905 adepto
676 1844 760 1905 princi-

92 1915 155 1971 patu,
167 1908 245 1965 misit;
263 1922 371 1969 nusquam
383 1906 556 1962 cunctabundus,
568 1908 611 1953 nisi
624 1923 676 1953 cum
687 1909 710 1953 in
723 1922 760 1953 se·

94 1978 149 2019 natu
159 1972 295 2033 loqueretur.
329 1970 404 2019 Causa
418 1971 530 2033 praecipua
544 1986 573 2017 ex
588 1971 714 2027 formidine,
730 1986 761 2018 ne
848 2020 856 2026 ,

92 2038 253 2089 Germanicus,
271 2036 294 2081 iri
310 2037 373 2098 cujus
390 2050 457 2081 manu
475 2043 510 2082 tot
523 2036 631 2097 legiones,
649 2036 761 2083 immensa

95 2104 208 2149 sociorum
219 2100 308 2154 auxilia,
324 2101 394 2146 mirus
406 2100 464 2162 apud
474 2100 580 2161 populum
591 2099 661 2155 favor,
678 2100 760 2146 habere

94 2167 214 2229 imperium
225 2172 291 2226 quam
303 2172 432 2227 exspectare
442 2164 527 2211 mallet.
558 2162 636 2211 Dabat
651 2165 758 2220 etdamae,

95 2238 120 2278 ut
137 2238 232 2277 vocatus
248 2229 376 2290 electusque
391 2230 467 2291 potius
483 2244 497 2275 a
512 2226 625 2289 republica
639 2229 759 2286 videretur,

94 2311 163 2355 quam
174 2310 215 2357 per
225 2294 329 2341 uxorium
338 2294 444 2341 ambitum
453 2301 477 2339 et
483 2294 546 2339 senili
558 2294 677 2356 adoptione
687 2295 758 2354 irrep-

94 2361 158 2406 sisse.
193 2357 277 2405 Postea
287 2360 402 2421 cognitum
411 2366 452 2411 eat,
465 2358 493 2405 ad
499 2358 684 2420 introspiciendas
691 2358 760 2405 etiam
809 2365 813 2369 ⁴

94 2438 215 2487 procerum
233 2422 361 2471 voluntates
378 2423 493 2469 inductam
511 2424 758 2477 dubitationemanam

95 2490 169 2542 verba,
181 2488 265 2541 vultus,
276 2489 300 2534 ln
311 2490 395 2535 crimen
406 2488 547 2549 detorquens,
558 2486 699 2534 recondebat.

128 2551 203 2605 ,an
220 2552 286 2599 Nihil
298 2554 371 2615 primo
387 2552 479 2599 senatus
496 2552 532 2598 die
542 2552 579 2613 agi
589 2566 668 2613 passus
679 2548 721 2596 nisi
733 2547 762 2593 de
795 2575 813 2611 ¹,

94 2618 209 2681 supremis
224 2616 339 2681 Augusti3
357 2620 420 2682 cujus
437 2623 605 2671 testamentum,
619 2614 706 2663 illatum
722 2624 764 2673 per

526 2685 571 2726 rs
