1842 2909
144 119 193 165 unt
225 110 417 162 ANNALIUM
434 107 659 159 buvlcmto.
691 113 808 160 uonna

145 246 259 292 civitatem
269 245 306 290 cui
323 241 450 304 Heliopolis
465 255 554 294 nomeu,
570 239 718 294 advolavisse,
735 240 807 286 multo
827 283 828 288 ,

145 317 276 366 caeteramun
285 309 403 356 volucrum
413 305 530 362 comitatu,
541 319 623 350 novam
630 303 711 351 facian
722 305 806 352 miran-

144 375 208 421 tium.
242 373 287 419 Sed
298 374 417 432 antiquitas
427 370 517 431 quidem
528 369 636 416 obscura:
656 369 716 415 inter
728 368 805 415 Ptole-

146 452 230 485 nnetun
240 452 267 483 cc
278 435 392 483 'libetium
403 436 478 481 minus
485 434 576 481 ducenti
583 434 748 494 quinquaginta
755 434 806 480 anni

145 502 251 550 fuemnt:
270 502 330 548 unde
339 500 441 547 nonnulli
451 499 534 545 salsum
545 500 604 544 bunc
614 498 750 559 pboenicem,
767 513 807 544 ne·

146 582 190 628 que
201 565 303 613 Arabum
312 581 327 612 e
342 566 407 612 terris
418 561 538 616 credidere,
554 563 654 623 nihilque
667 563 809 625 usurpavisse

146 645 177 678 ex
187 631 229 685 bin,
239 646 292 691 quae
299 638 364 677 vetus
371 627 594 674 immoriafirmnvit:
614 627 719 673 conlecto
727 628 808 688 quippe

146 710 256 744 tuncrum
270 709 370 749 numero,
387 694 423 738 ulu'
438 707 500 738 mora
513 692 653 753 propinquet,
669 692 718 738 suis
728 693 753 738 in
764 701 808 737 ter·
829 731 833 736 .

147 761 179 808 tis
188 768 274 806 stmem
284 760 368 813 nidum,
381 759 448 817 eique
456 757 503 802 vim
514 756 636 816 genitalem
646 755 769 810 effundere,
781 770 809 802 ex

147 822 194 885 qui
203 823 274 870 letum
285 824 352 870 oriri:
371 830 395 868 et
404 822 498 883 primam
509 819 586 868 adulto
596 835 672 867 curam
687 821 812 881 sepdiendi

147 889 229 952 petris:
249 904 321 948 neque
328 887 351 934 id
357 895 447 940 tenuere,
456 885 496 932 sed
503 885 590 930 sublato
598 885 696 944 myrrbte
704 886 810 946 pondere,
831 932 836 940 ,
918 919 919 928 ,

148 961 278 1013 tentttoque
287 967 327 1014 per
337 952 431 1012 longum
441 951 490 1004 iter,
502 949 539 995 ubi
546 963 586 1010 par
594 950 663 1004 oneri,
674 964 716 1010 par
727 950 811 996 meatui

148 1018 184 1073 u't,
195 1018 270 1064 subire
279 1017 375 1078 patrium
386 1029 474 1075 corpua,
485 1014 553 1073 inque
564 1012 624 1059 Solis
634 1028 695 1060 nrum
704 1013 810 1075 perferre,

148 1089 216 1144 atque
224 1081 321 1128 adolere.
342 1078 402 1126 Haec
413 1080 500 1140 incerta
508 1085 532 1123 et
541 1077 647 1124 fabulosis
657 1086 733 1124 uncta.
755 1076 809 1128 Ca·

148 1153 222 1194 terum
239 1146 322 1208 adapici
337 1142 454 1205 aliquando
468 1142 492 1189 in
506 1142 612 1205 AEgypto
627 1157 677 1202 eam
691 1143 811 1190 volucrem

148 1226 194 1260 non
205 1211 332 1272 ambigitur.

181 1272 281 1320 xxm
296 1273 331 1321 At
348 1272 438 1328 Romae,
457 1272 520 1319 caede
536 1269 648 1328 continui,
668 1270 812 1334 Pomponius

149 1337 233 1393 Labeo,
250 1353 317 1398 quem
327 1338 443 1400 praefuisse
453 1337 547 1384 Moestae
560 1337 633 1394 remli,
649 1351 690 1398 per
705 1338 812 1398 abruptas

149 1417 219 1451 renas
241 1403 374 1463 sanguinem
392 1401 486 1458 effisdit5
513 1401 659 1462 amentaque
675 1409 712 1448 est
727 1403 812 1463 conJux

150 1467 246 1515 Paxtcn:
265 1481 318 1513 nam
327 1475 427 1529 pmmtto
436 1466 547 1528 ejusmodi
556 1473 640 1512 mortes
650 1473 726 1522 metus
737 1467 812 1512 cerni·
839 1508 841 1513 .
918 1473 919 1478 ’

148 1531 198 1580 ficis
212 1529 320 1579 faciebat:
339 1532 424 1592 etquis
434 1531 538 1586 damnati,
554 1530 671 1592 publicatis
685 1531 757 1584 bonis,
775 1547 813 1578 ae·

149 1595 239 1662 pultuni
248 1597 430 1658 prohibebantur:
450 1611 535 1650 corum,
551 1596 589 1656 qui
603 1595 631 1640 de
642 1610 666 1653 ne
677 1596 812 1651 statuebant,

150 1663 299 1710 humabantur
312 1676 412 1723 corpora,
428 1661 696 1714 manebantteatamenta,
714 1660 812 1722 pretium

150 1726 277 1773 lestinandi.
310 1725 355 1773 Sed
370 1723 455 1779 Cesar,
475 1724 549 1770 mism
565 1724 594 1770 ad
612 1731 715 1770 senatum
734 1724 813 1780 literis,

151 1791 262 1845 disseruit,
272 1805 359 1836 morem
369 1789 438 1836 fuisse
445 1789 572 1851 majoribus,
583 1789 671 1848 quoties
682 1789 814 1847 dirimerent

151 1855 267 1909 amicitiae,
288 1855 420 1902 interdicere
438 1853 512 1909 domo,
530 1868 625 1914 cumque
643 1851 712 1900 finem
727 1854 814 1916 -grutiae

150 1935 249 1983 ponere:
261 1919 292 1966 td
307 1935 332 1966 se
342 1919 472 1982 repetivisse
486 1919 510 1964 in
525 1915 643 1965 Labeone:
663 1925 731 1979 atque
741 1918 813 1975 illum,

152 1985 206 2046 quia
218 1984 276 2031 male
285 1984 444 2031 administratae
453 1983 576 2045 provincie
585 1983 725 2042 aliorumque
736 1984 813 2030 crimi-

152 2065 207 2108 num
226 2051 354 2112 urgebatur,
375 2049 463 2110 culpam
478 2045 565 2098 invidii
581 2047 704 2094 velavisse:
717 2046 815 2096 -trustrs

51 2168 53 2172 ,
152 2113 274 2161 conterriti
281 2129 357 2168 uxore,
365 2129 439 2174 quam,
450 2114 493 2158 etsi
504 2119 629 2166 nocentem,
636 2111 729 2172 periculi
735 2103 813 2168 iumen

153 2185 267 2239 expertem
283 2178 360 2224 tuisse.
391 2177 522 2224 Mamercus
538 2177 590 2222 dein
605 2176 704 2237 Scaurus
721 2192 812 2224 rursum

152 2243 284 2304 postulatur,
299 2243 393 2304 insignis
403 2242 520 2289 nobilitate
533 2248 556 2287 et
570 2241 659 2288 orandis
670 2241 751 2295 causis,
765 2240 814 2289 vitt

152 2307 280 2368 probrosus.
313 2306 379 2352 Nihil
387 2308 446 2354 bunc
456 2307 555 2352 amicitia
566 2305 647 2366 Sejani,
659 2307 699 2352 sed
709 2305 815 2353 labefecit

153 2369 214 2414 baud
223 2370 298 2414 minus
307 2371 406 2416 validum
422 2371 533 2416 aderitis
547 2369 663 2416 Macronis
670 2371 757 2424 odium,
773 2372 813 2430 qui

153 2431 242 2478 easdem
259 2441 319 2478 artes
332 2435 442 2480 occultius
456 2435 586 2481 exercebat:
605 2435 758 2494 detuleratque
775 2441 814 2480 ar·

151 2501 285 2555 gumentum
295 2498 418 2555 tragoediae,
429 2513 444 2545 a
454 2499 539 2546 Scauro
550 2498 645 2558 scriptae,
654 2498 734 2544 additis
743 2502 814 2556 verui-¹

152 2559 201 2609 bus¹
209 2558 246 2615 qui
257 2557 281 2602 in
289 2555 403 2604 Tiberium
412 2559 561 2608 flecterentur.
586 2561 674 2621 Verum
682 2563 709 2608 ab
717 2561 815 2616 Servilio

152 2628 176 2667 et
188 2617 300 2676 Cornelio,
314 2625 485 2687 accusatoribus,
496 2626 628 2686 adulterium
641 2621 721 2689 qulae,
732 2641 815 2690 magog
