1842 2909
167 140 215 185 roo
246 135 437 183 anuamnn
453 132 683 187 munerari.
710 138 835 186 nnnc,
917 100 918 109 '

165 264 388 327 Trivlaereliglonem
396 266 522 312 tuebantur.
539 264 826 314 aluusffleroeaeamen-

165 346 202 377 aes
212 328 341 391 exposumc,
357 329 470 376 Persicam
481 330 540 391 apud
550 345 575 375 se
586 330 691 384 Dianam,
702 329 827 385 delubrum,

164 392 825 519 mellillam÷t,¹‘:illl⁶tlnl‘;tt¹lt
917 426 918 429 ‘

165 524 233 569 modo
243 524 334 585 templo,
351 524 390 569 aed
406 524 492 569 duobus
502 524 598 569 millibus
607 538 712 584 passuum
724 524 826 569 eamdem

165 588 306 635 sanctitatem
316 589 445 634 tribuerant.
478 587 540 634 Exin
551 586 631 649 Cyprii
642 588 712 634 tribua
722 588 826 643 delubris,

90 696 94 700 .
165 667 261 713 qnorum
271 653 446 699 vetustissimum
458 649 549 713 Papbiae
557 651 641 698 Veneri
653 660 731 699 auctor
741 652 824 706 AErias

165 724 217 777 post
225 716 285 763 lilius
292 718 347 779 ejus,
358 716 477 770 Amathus,
489 715 574 763 Veneri
583 717 729 772 Amathusiae,
740 724 764 763 et
772 716 826 765 Jovi

166 780 288 827 Sdaminio
298 780 393 835 Teucer,
404 779 534 828 Telamonia
544 779 773 847 patrisirdprolugps,
784 797 831 843 po·-

165 846 270 891 fluissent.

142 922 147 929 ·
198 907 295 956 LXIII.
312 909 404 957 Auditae
419 910 512 957 aliarum
529 924 617 971 quoque
632 912 747 957 civitatum
761 910 825 972 lega-

166 974 246 1020 tiones.
280 974 383 1029 Quorum
398 972 462 1035 copia
476 974 530 1020 fessi
540 982 623 1051 patrea,
640 976 730 1035 etquis
747 976 826 1022 studiis

165 1041 296 1094 conabam,
313 1039 440 1085 consulibus
454 1039 581 1099 permisere,
598 1046 624 1086 ut
638 1046 753 1101 perspecto
764 1041 824 1101 jure,

166 1110 190 1149 et
200 1105 272 1165 siqua
281 1104 386 1163 imquitas
392 1103 550 1159 Involveretur,
562 1118 609 1149 rein
617 1104 728 1165 lntegram
736 1118 825 1151 rursum

165 1168 194 1213 sd
209 1176 310 1215 senatmn
325 1167 446 1214 referrent:
465 1168 569 1215 consules
584 1183 649 1229 super
662 1182 701 1215 eas
715 1168 826 1225 clvitatu,

164 1246 220 1291 quas
230 1233 359 1285 menmravi,
369 1231 429 1292 apud
439 1230 576 1292 Pergamum
588 1232 711 1293 AEsculapii
723 1248 826 1295 comper·

165 1304 214 1342 tum
225 1296 318 1356 asylum,
335 1296 475 1351 retulerunt;
493 1303 587 1343 caeteros
597 1297 696 1343 obscuris
707 1297 737 1343 ob
747 1305 833 1344 vetus·-
917 1306 918 1311 ’

165 1366 234 1406 uteru
245 1360 314 1406 initiis
323 1360 379 1405 niti:
398 1375 451 1407 nam
467 1360 597 1421 Smyrnaeos
608 1360 723 1408 oraculum
735 1361 826 1423 Apolli-

166 1424 208 1477 nis,
219 1425 282 1485 cujus
292 1424 386 1485 lmperio
398 1425 540 1471 Stratonicidi
551 1422 636 1471 Veneri
646 1426 754 1487 templum
764 1426 826 1473 dics·-

165 1489 255 1545 verInt;
271 1487 357 1535 Tenios
367 1490 467 1551 ejusdem
477 1504 567 1535 carmen
578 1490 666 1545 referre,
682 1506 726 1550 quo
737 1506 827 1538 sacrare

76 1600 80 1605 ,
166 1551 268 1614 Neptuni
278 1553 376 1615 effigiem
388 1554 503 1615 dunque
508 1553 567 1615 jussi
578 1555 638 1601 sint:
655 1556 760 1616 proplora
772 1554 827 1602 Sar*

165 1618 258 1666 diauos:
278 1618 400 1664 Alexandri
410 1618 503 1667 victoris
513 1618 535 1664 id
546 1618 642 1667 donum:
663 1634 735 1679 neque
749 1620 827 1667 minus

165 1681 271 1730 Milesios
281 1681 354 1729 Dario
364 1698 419 1744 rege
429 1683 486 1739 niti3
503 1682 545 1729 sed
552 1684 749 1730 cultus-numinum
758 1684 835 1734 utria-,-

166 1746 828 1873 tffltfflttlltlllltlriltisstt

165 1875 276 1931 consulta,
294 1876 350 1935 quis,
371 1875 442 1922 multo
464 1891 516 1923 cum
534 1878 626 1933 bonore,
647 1877 728 1924 modus
750 1885 836 1925 tamen·

165 1940 353 2002 praeconabatur,
367 1941 471 2003 jussique
484 1941 538 2003 lpeis
553 1942 577 1987 in
591 1942 679 2002 templis
689 1940 760 2001 figere
772 1958 827 1997 aera,
917 2002 918 2005 Ἴ

165 2004 295 2051 sacrandam
311 2004 340 2051 ad
354 2005 493 2060 maneriam,
513 2020 557 2053 neu
576 2006 650 2068 specie
666 2006 784 2067 religionis
803 2008 833 2054 iu,
866 2034 868 2039 ,

165 2070 308 2116 ambitionem
320 2069 480 2117 delaberentur.
497 2103 502 2111 .

198 2130 292 2178 LXIV.
309 2133 356 2179 Sub
365 2134 424 2180 idem
443 2141 532 2196 tempus
548 2134 617 2183 Juliae
632 2134 746 2197 Augustae
762 2136 828 2183 vale·

165 2195 220 2241 tado
230 2204 296 2243 atrox
306 2197 492 2245 necessitudinem
508 2200 600 2261 principi
616 2198 670 2247 secit
684 2200 785 2247 festinati
803 2202 829 2247 ln

166 2258 254 2307 Urbem
265 2262 363 2320 reditds3
380 2262 468 2309 sincera
478 2265 548 2311 adbuc
559 2265 618 2310 lnter
632 2271 726 2311 matrem
741 2263 833 2315 iillum.
917 2280 918 2319 ι

81 2361 90 2369 .
165 2340 210 2385 que
231 2325 358 2379 concordid,
380 2328 430 2374 sive
449 2329 544 2376 occultis
565 2330 627 2375 odiis.
663 2328 746 2388 Neque
763 2330 830 2381 enlm

165 2388 238 2445 multo
248 2396 307 2444 unte,
317 2406 378 2448 cum,
389 2392 449 2439 haud
463 2394 541 2455 procul
551 2394 638 2440 theatro
652 2393 764 2447 Marcelli,
775 2393 835 2439 effi·.
917 2436 918 2457 ,

164 2452 225 2512 giem
238 2451 270 2498 D.
281 2453 386 2514 Angusto
404 2454 466 2503 Julla
482 2457 570 2511 dIcaret,
589 2457 673 2505 ‘liberii
683 2472 766 2503 nomen
784 2472 835 2503 auo·
917 2458 918 2507 l

164 2516 347 2577 postscripserat;
363 2518 429 2579 idqoe
439 2520 477 2566 ille
491 2522 625 2575 credebatur,
637 2530 662 2567 ut
672 2520 764 2567 inferius
774 2535 829 2568 ma·
917 2522 918 2555 l

158 2580 243 2641 jestate
259 2580 370 2641 principle,
387 2584 452 2643 gravi
466 2591 489 2631 et
499 2584 636 2632 dissimulati
651 2585 775 2631 offensione
786 2586 834 2637 aba

165 2642 255 2690 diditac.
288 2643 334 2693 Sed
347 2651 395 2699 tum
405 2648 514 2710 supplicia
529 2648 590 2707 Diis,
607 2649 696 2710 ludique
709 2650 790 2712 magni
801 2650 836 2701 ab.
917 2696 918 2699 ,

4 2757 42 2837 'u
