1842 2909
166 127 212 171 iss
244 120 435 172 nnuman
450 118 671 170 nunonis.
705 120 826 169 unns.
919 128 920 187 ς

164 253 229 307 datis,
239 252 297 313 apud
303 257 397 298 cunetas
402 250 466 298 Asiae
475 250 560 297 insulas
566 256 591 298 et
600 250 671 304 urbes
683 249 825 297 trucidaren-

164 326 209 364 tur.
240 316 315 363 Variis
325 317 405 362 dehinc
415 324 439 362 at
449 316 532 377 saepius
542 316 609 361 irritis
619 322 741 376 praetorum
753 330 824 375 ques·

163 382 229 435 tibus,
240 388 353 442 postremo
364 378 443 428 Caesar
452 380 481 427 de
491 378 632 427 immedendi
641 380 776 426 histrionum
787 394 824 425 re·

163 445 228 491 tulitr
247 445 318 491 mults
327 446 355 491 eb
369 445 397 490 iis
412 446 435 491 in
453 444 566 505 publicum
579 444 690 499 seditiose,
698 443 770 491 -soeda
783 458 825 504 per

165 510 244 556 domm
254 510 346 556 tenuris
365 508 450 555 Oscum
458 509 570 570 quondam
578 509 694 562 ludicrum,
702 508 825 555 levissimae

165 574 223 635 apud
233 575 327 635 vulgum
338 574 497 627 oblectationis
515 588 542 619 eo
558 572 694 634 flagitiorum
706 580 730 619 et
740 574 823 619 virium

164 639 260 693 vennae,
272 646 297 685 ut
306 640 438 685 auctoritate
447 645 535 700 patrum
545 638 692 685 sodrcsndum
704 638 740 683 sit
757 636 823 684 Pulsi

165 711 214 749 tum
225 704 343 749 histriones
354 701 429 749 ltalia

196 766 254 814 XV.
271 766 334 813 Idem
344 766 470 813 annunlio
481 768 636 827 quoqueluctu
645 765 761 815 Caesarem
773 766 824 813 affi·
861 780 866 787 ·

164 833 200 886 cit,
218 832 311 877 altemm
326 846 357 877 ex
365 831 462 893 geminis
474 829 545 879 Drusi
555 831 629 878 liberis
639 830 821 891 exstinguendo:

164 897 323 956 nequeminus
330 903 402 942 morte
412 895 485 942 amici.
516 894 541 941 Is
551 894 594 942 fuit
604 895 705 943 Lucilius
717 894 823 957 Longus,

165 959 265 1007 omnium
281 960 314 1007 illi
325 961 421 1007 tristium
430 960 579 1021 laetorumque
597 961 677 1015 socius,
694 974 800 1020 unusque
811 975 825 1005 e

165 1026 302 1072 samtonlsus
312 1024 396 1071 Rhodii
406 1024 601 1072 secessdscomea.
633 1023 674 1078 lta,
686 1038 823 1085 quamquam
919 1076 920 1079 Ἴ

164 1105 225 1137 novo
237 1091 328 1143 homini,
339 1090 464 1136 censorium
478 1088 554 1143 sunus,
571 1089 667 1151 effigiem
677 1104 692 1135 a
706 1090 737 1135 ud
746 1087 822 1136 iorum

167 1154 274 1217 Augusti,
295 1152 382 1215 publici
402 1152 497 1215 pecunffi
517 1160 592 1214 patres
613 1154 745 1201 deerevere:
764 1153 824 1214 apud
919 1172 920 1179 ¹

166 1235 224 1281 quoa
233 1220 301 1270 etiam
319 1226 367 1265 tum
383 1226 464 1265 cuncta
480 1218 636 1273 tractabantur,
653 1218 707 1265 adeo
727 1223 754 1263 ut
769 1233 822 1279 pro-

166 1290 256 1334 curator
267 1283 337 1337 Auae,
352 1281 454 1329 Lucilius
465 1279 553 1343 Cupito,
571 1290 689 1330 accusante
698 1280 824 1343 provincii,
919 1318 920 1345 3

150 1362 255 1406 ,ΜΕΝ
265 1347 352 1401 dixerit,
369 1346 453 1408 magni
469 1362 520 1393 cum
536 1348 699 1393 asseveratione
708 1347 824 1407 principis,
919 1348 920 1399 ξ

165 1426 211 1459 non
223 1427 247 1457 se
254 1413 300 1474 jus,
311 1412 353 1458 nisi
363 1412 387 1457 in
398 1411 488 1458 servitia
498 1419 521 1458 et
530 1412 635 1473 pecunias
645 1411 772 1466 familiares,
784 1411 824 1457 de·

165 1477 238 1523 disse:
256 1477 316 1537 quod
326 1477 346 1523 si
355 1477 402 1524 rirn
415 1476 517 1538 praetoris
527 1475 661 1537 usurpasset,
677 1476 825 1535 manibusque
919 1498 920 1511 r

166 1541 263 1587 militum
275 1556 329 1588 usus
338 1540 403 1595 foret,
415 1548 489 1602 spreta
499 1541 522 1586 in
533 1556 561 1587 eo
571 1541 675 1587 mundata
685 1554 739 1587 sua:
758 1540 824 1585 audi·
919 1548 920 1557 ¹

164 1613 216 1654 rant
231 1606 312 1653 socios.
344 1604 381 1652 Ita
398 1620 456 1659 rurs,
474 1605 566 1666 cognito
585 1606 681 1667 negotio,
699 1605 835 1651 damnatur..

166 1670 204 1717 Ob
213 1684 280 1731 quam
291 1671 405 1724 ultionem,
416 1678 441 1715 et
449 1669 502 1729 quia
509 1670 582 1730 priore
587 1684 646 1715 anno
653 1670 676 1715 in
686 1667 714 1717 C.
722 1669 825 1715 Silanum

165 1734 301 1782 vindicatum
312 1743 366 1789 erat,
383 1731 502 1781 dacrevdre
512 1734 576 1781 Asiae
586 1734 650 1780 urbes
661 1734 770 1795 templum
782 1732 824 1779 'Ii-

165 1799 227 1845 beria
243 1800 353 1860 matrique
369 1800 417 1863 ejus
427 1813 453 1845 ac
465 1798 557 1845 senatui.
590 1798 623 1845 Et
632 1798 765 1859 permissum
777 1805 823 1844 ste-

165 1860 240 1911 tudre:
260 1865 351 1925 egitque
367 1863 430 1909 Nero
447 1870 523 1925 grates
533 1860 561 1909 ed
570 1860 638 1911 causi
647 1863 746 1925 patribus
756 1869 824 1922 atque

165 1943 216 1983 aro,
233 1928 296 1975 laetas
306 1929 364 1974 inter
374 1928 510 1974 audientium
524 1926 658 1983 affectiones,
676 1928 720 1987 qui,
739 1926 825 1972 recenti
919 1928 920 1947 l

165 1993 274 2040 memorii
290 1993 425 2047 Germanici,
443 1992 508 2037 illum
521 1992 610 2053 adspici,
623 1992 686 2038 illum
703 1991 774 2037 audiri
789 2006 824 2037 re-

164 2058 258 2104 bantur:
277 2056 497 2117 aderantqueJ'urcni
511 2056 621 2103 modestia
630 2071 656 2103 sc
666 2055 744 2109 forma,
761 2056 824 2115 prin·

166 2122 216 2181 cipe
226 2122 275 2169 viro
283 2122 358 2182 digna,
369 2121 429 2167 uotis
438 2122 462 2167 in
474 2136 525 2167 eum
537 2121 613 2183 SeJ'ani
622 2120 684 2175 odiis,
697 2120 724 2166 ob
735 2119 824 2181 pericu-

168 2185 216 2231 lum
227 2185 333 2245 gratiora
736 2229 740 2235 .

187 2246 270 2295 xvi
281 2249 328 2296 Sub
335 2249 395 2295 idem
402 2255 497 2310 tempus,
504 2248 531 2294 de
540 2246 631 2294 flamine
642 2246 711 2301 Diali.
719 2246 824 2293 inlocum

167 2313 241 2360 Servii
250 2312 416 2375 Maluginensis
426 2312 524 2359 defuncti
532 2312 634 2373 legendo,
646 2312 712 2359 simul
723 2311 825 2373 rogandi

167 2377 228 2424 novis
237 2378 288 2437 lege
298 2377 402 2424 disseruit
413 2376 498 2424 Caesur.
531 2376 591 2423 Nam
607 2377 718 2438 patricios,
734 2375 825 2422 confar-

166 2442 234 2487 reatis
244 2440 371 2500 perentibus
380 2442 476 2501 genitos,
487 2448 533 2487 tres
541 2441 607 2487 simul
614 2440 728 2495 nominari,
737 2455 767 2487 ex
775 2441 826 2500 quis

167 2519 226 2550 unus
236 2503 353 2562 legeretur,
365 2511 454 2550 vetusto
461 2520 537 2561 more;
548 2520 621 2565 neque
631 2505 714 2559 adesse,
727 2512 752 2549 ut
763 2505 825 2560 olim,

168 2582 218 2612 cam
235 2566 329 2627 copiam,
347 2565 430 2613 omissi
448 2568 601 2615 confarreandi
619 2568 767 2623 assuetudine,
787 2576 827 2615 aut

167 2631 227 2677 iuter
236 2644 319 2693 paucos
329 2628 430 2677 retentis
448 2631 567 2695 pluresque
582 2634 630 2695 ejus
648 2634 680 2679 rei
697 2646 777 2679 causas
794 2631 828 2679 af·
919 2676 920 2679 ,
