1842 2909
117 124 217 166 J.c.sa
283 119 403 170 Lmvll.
419 117 617 171 ANNALIUM.
728 124 777 169 229

117 250 204 299 Nullus
218 252 367 314 cognoscendi
385 251 447 298 ordo.
479 251 589 299 Damnati
607 257 630 298 et
649 250 777 304 indemnati,

118 317 236 379 publicatis
249 318 320 371 bouis,
332 318 399 363 simili
410 331 463 363 casu
475 317 586 378 prostrati.
618 315 729 378 Principis
741 327 780 361 ra··

117 383 220 445 pacitate,
229 389 252 429 et
259 383 394 428 delationum
401 381 535 442 impunitate
545 396 571 428 ac
579 381 683 443 praemiis,
691 381 777 428 exeita·

116 449 183 494 batur
192 447 357 494 remeationem
367 446 464 492 licentia.
647 483 648 486 ,

152 509 244 574 [Ferale
259 512 343 557 malum
363 510 422 558 haud
439 509 558 571 mitigavit,
580 511 682 556 accendit
702 509 777 574 magis

81 599 86 606 ·
118 575 229 624 Drunllae
247 577 331 630 obitus,
344 589 411 636 quom
431 576 535 636 princeps
556 589 585 621 ex
603 575 714 622 sororibus
730 575 776 622 suis

117 641 349 703 marrime'depen'bat.
382 637 462 688 cassio
480 637 587 701 Longino
606 639 660 686 olim
677 639 773 687 colloca·

117 713 172 760 tam,
183 705 263 752 deinde
281 705 318 751 M.
334 703 530 766 lepido-nuptam,
541 705 678 761 abduxerat3
694 719 773 751 ausus·

117 777 299 832 que'errterorum
309 783 389 832 regum
400 769 503 831 exemplo
510 771 534 814 in
544 769 636 816 modum
648 769 724 816 uxoris
735 783 773 816 ao·

116 835 313 896 cipereboeredem
319 835 429 880 bonorum
437 834 537 890 omnium
546 839 613 894 atque
620 835 706 895 imperii
712 848 777 896 aeger

115 899 248 946 instituerat.
284 898 400 945 Mortuum
421 911 506 945 vesano
527 911 624 946 moerore
643 905 773 960 prosecutus

109 965 225 1030 justitium
235 964 331 1025 quidem,
350 963 461 1022 mnumue
471 963 583 1025 publicum
598 962 681 1010 edixit:
700 967 723 1009 at
734 960 772 1010 ei-

115 1032 168 1078 dem
178 1031 202 1076 in
216 1029 285 1083 luctu,
302 1043 329 1074 ac
341 1028 366 1074 in
375 1024 475 1084 iilsidine,
492 1027 560 1073 enimi
575 1027 713 1088 intemperie,
730 1040 773 1074 nee

114 1095 228 1156 exsequiis
237 1091 345 1147 interfuit,
355 1107 398 1139 nec
404 1093 467 1153 Justa
477 1092 547 1138 sorori
557 1092 680 1152 persolvit:
699 1088 771 1153 pudo·

113 1161 146 1207 ria
156 1160 189 1206 ita
206 1157 294 1212 oblitus,
314 1163 345 1210 ut,
363 1157 416 1202 dum
432 1155 502 1202 Urbis
517 1157 608 1218 planctu
625 1156 773 1216 omnibusque

111 1224 211 1272 tristitiae
227 1222 371 1268 imitamentis
386 1220 535 1275 funerabantur,
552 1220 613 1268 aM.
625 1219 711 1283 Lepido
722 1221 770 1268 lau·

113 1291 172 1345 dam,
190 1288 272 1351 ipsein
283 1286 372 1333 Albano
387 1300 429 1331 suo
448 1285 544 1340 tesseris,
561 1299 587 1331 ao
602 1283 659 1340 loro,
678 1285 771 1354 aliisque

110 1355 173 1401 idem
183 1351 281 1400 leuitatis
290 1349 478 1413 occupationibus,
495 1348 606 1397 indecora
615 1345 714 1412 captaret
731 1365 769 1398 su-
868 1363 870 1367 ’

110 1420 219 1548 lm[aiilox
227 1483 311 1530 doloris
323 1481 448 1544 impatiens,
464 1486 487 1527 et
497 1481 524 1528 ab
539 1480 654 1528 hominurn
665 1481 771 1528 conuictu
805 1521 807 1528 .

110 1549 228 1614 limfilguls
238 1545 305 1594 barbi
318 1546 441 1608 capilloque
451 1546 569 1606 prumiaco,
586 1543 659 1592 Italiae
670 1559 696 1590 ae
712 1545 769 1591 Sici·
861 1593 863 1598 Ι

109 1617 151 1662 liae
161 1628 212 1662 oras
222 1605 362 1659 errabundus·
371 1611 517 1673 permetitur:
535 1616 622 1657 mutato
632 1609 684 1655 deirr
694 1609 769 1658 conai-

109 1681 150 1736 lio,
166 1678 284 1739 Syracu&
292 1689 386 1738 propere
395 1669 494 1721 Romam
505 1673 569 1727 redit,
583 1679 656 1720 certus
674 1686 724 1720 non·
734 1673 770 1720 lu·
826 1724 828 1727 v

111 1743 217 1808 gendum,
229 1742 268 1789 sed
278 1740 393 1786 colendam
404 1753 512 1786 sororem.
533 1737 648 1798 Quidquid
658 1737 769 1784 bonorum

112 1817 205 1857 senatus
221 1805 295 1852 Liviae
305 1805 423 1859 tribuerat·
437 1804 512 1849 statim
527 1801 769 1860 Drusillae‘oollatum3

109 1879 265 1931 statutumque
282 1877 309 1916 ut
326 1868 429 1915 eteleam
442 1867 563 1929 religiones
579 1867 683 1914 haberet:
702 1881 770 1914 aureo

110 1941 160 2001 ejus
171 1937 258 1998 effigies
272 1942 393 1998 poneretur
405 1933 429 1978 in
440 1929 518 1989 curid3
534 1931 603 1978 altera
612 1931 672 1978 foret
684 1931 709 1977 in
721 1932 772 1978 aede

111 2003 218 2056 Veneris,
235 2001 387 2062 majestatem
405 1996 467 2044 cultu
483 1997 543 2044 baud
558 1997 641 2058 impar:
660 1996 769 2057 templum

109 2077 202 2132 quoque
212 2065 254 2128 ipsi
264 2065 389 2111 dicaretur:
408 2068 492 2108 statuas
500 2061 604 2113 mulieres
615 2075 680 2122 aeque
689 2075 715 2107 ac
727 2060 769 2127 viri

110 2134 284 2184 consecrarent:
309 2139 351 2190 per
372 2128 421 2190 ejus
439 2141 523 2173 nomen
537 2127 640 2190 jurarent
659 2123 766 2172 feminae:

109 2201 203 2258 diesque
212 2195 292 2241 natalia
301 2193 367 2245 ludia,
382 2188 534 2254 Megalesium
545 2186 659 2244 similibus,
677 2189 768 2238 serratus

107 2272 133 2313 et
143 2261 244 2322 equitum
254 2258 322 2320 epulo
331 2257 484 2304 celebraretur.

143 2326 204 2392 [Per
223 2324 309 2371 Urbem
332 2337 358 2368 ae
374 2321 501 2383 prouincias
517 2320 642 2382 percrebuit
657 2319 769 2366 Drusillae

108 2397 190 2442 bonos.
221 2388 274 2436 ‘Nec
283 2387 364 2450 puduit
374 2386 465 2433 Livium
478 2385 616 2439 Geminium,
633 2392 768 2438 senatorem,

106 2452 208 2506 maximd
217 2453 382 2501 asseveratione
395 2452 421 2498 in
435 2457 515 2501 senatu
528 2451 605 2512 jurare
620 2465 645 2497 se
659 2463 708 2496 eum
720 2460 768 2496 ooe-

107 2527 157 2572 lum
169 2519 338 2567 adscendentem
348 2516 439 2564 vidisse.
471 2515 538 2562 Licet
548 2515 623 2562 caeteri
635 2513 767 2568 deliramen-

107 2598 167 2641 tum,
179 2585 357 2632 adulationemve
366 2581 490 2637 irriderent,
503 2580 576 2626 decies
587 2578 715 2626 sestertium
726 2576 767 2640 do-

108 2657 227 2705 natusest,
237 2649 285 2713 pari
295 2648 400 2712 principis
407 2642 549 2695 acseoitoris
558 2642 682 2712 opprobrio.
700 2637 770 2694 Quod

142 2730 195 2762 vor.
206 2728 222 2760 r.
529 2723 546 2755 x
