1842 2909
3 198 7 209 .
100 149 197 196 acm
264 145 401 195 savus
415 142 616 196 annuarum.
713 151 760 198 aar

102 290 169 323 amare
179 271 283 334 arborem
299 284 445 339 comportatae
455 278 568 325 mtterioe:
587 284 708 324 exstructae
720 292 765 325 nse

102 356 159 396 ves3
176 357 228 400 qum
240 354 290 388 cum
307 343 336 389 ad
352 344 484 389 immensam
502 343 687 390 substructionem
704 343 764 390 baud

105 405 238 461 sufficerent,
255 408 363 453 onerariae
372 422 461 468 quoque
475 415 603 454 contraetae.
634 405 698 454 Inter
709 423 764 468 ope·

104 485 179 516 rarum
190 471 332 526 alacritatem,
351 471 414 518 Urbe
424 479 448 518 at
455 469 521 518 Itutt
530 471 686 518 alimentorum
696 486 763 532 eges-

104 540 152 581 tate
161 535 316 589 laborautrbus,
332 551 389 598 pons
399 537 423 582 in
433 536 534 590 navibus,
550 537 631 597 duplici
647 536 725 582 ordine
735 536 764 582 ed

106 613 199 650 ancoras
214 601 335 655 colmcatia,
351 602 520 662 superjectoque
529 615 613 662 aggere
623 608 719 654 terreno,
736 615 764 646 ac

105 664 221 710 directoin
232 665 346 726 Appiae'
324 680 369 712 vrae
377 664 480 718 formam,
488 671 615 714 constratus
622 672 663 712 est.
679 656 765 712 Positio

105 742 194 790 quoque
204 729 228 775 in
238 729 373 777 anfractibua
382 730 490 776 stationes
499 729 607 790 plurimas,
624 729 652 776 ad
669 729 765 791 hospitis

105 799 130 838 et
140 808 204 852 aquae
214 794 285 840 dulcis
295 793 434 855 receptacula
443 799 534 855 paratae

140 855 212 919 [Tum
223 859 332 920 princeps,
342 856 402 904 vani
411 859 564 912 admiratione,
575 856 688 918 stultique
695 871 764 919 opum

104 923 255 969 ostentatione
262 924 375 984 superbus,
391 938 422 977 se,
439 923 574 982 triumphato
582 937 679 982 aequors,
690 921 764 970 Dario

107 993 132 1032 et
142 985 221 1033 Xerxe
231 987 374 1049 superiorem,
385 987 522 1043 Alexandro,
534 986 647 1032 debellatis
657 986 765 1040 hostibus,

105 1051 166 1096 baud
176 1050 301 1098 inferiorem
313 1051 470 1112 loreja'ctitat;
487 1056 615 1110 cunctaque
622 1051 649 1096 ad
659 1049 766 1097 bellicum

106 1123 237 1176 apparatum
253 1117 332 1162 instrui
338 1117 410 1178 jubet.
441 1115 505 1162 Statu
517 1115 558 1168 die,
576 1115 688 1175 sacrisque
699 1113 765 1176 Nep·

105 1186 171 1234 tuno
186 1181 317 1241 caeterisque
326 1181 380 1235 deis,
396 1181 528 1226 acmaxirne
539 1177 624 1234 Invou,
641 1195 670 1226 ne
680 1179 767 1242 grande

104 1259 186 1292 ausum
196 1244 280 1292 invidia
288 1251 432 1306 p,remeretur
447 1245 551 1324 peractis,
562 1245 679 1298 thoracem
691 1244 765 1296 Alex-

104 1309 171 1355 anan
178 1309 275 1364 indutus,
291 1306 439 1387 auperinjoeta
443 1325 554 1370 purpurea
541 1306 678 1370 chlamyde
688 1305 766 1362 serici,

102 1371 448 1501 ffici‘diffl‘riffdili
457 1371 767 1492 ii‘ifflicffl‘rilo‘qdiqd‘,

237 1455 272 1486 rns

101 1509 198 1564 pontem
209 1455 411 1566 Βιίὶιῖιῃςιοᾱίιοι.
443 1501 527 1564 Longo
538 1455 616 1550 ordlfia
629 1505 714 1564 equites
725 1517 765 1564 pe-

102 1567 207 1627 ditesque
216 1569 353 1620 hortatorem
353 1575 586 1644 mqnstratoremque
584 1568 635 1614 belli
643 1567 767 1628 principem

102 1633 184 1687 secuti,
194 1631 359 1694 fulgentibus
342 1634 419 1694 signis,
431 1641 549 1692 truoesque
559 1632 632 1688 vultu,
643 1631 671 1678 od
679 1630 766 1678 Puteo-

103 1696 179 1749 lorum
186 1697 323 1747 umidiorem
334 1704 460 1760 properant
485 1696 598 1758 Oppidum
608 1695 686 1750 adorti,
694 1691 768 1741 multa
787 1732 791 1739 .

102 1760 243 1815 velitatione,
260 1763 405 1822 omnibusque
414 1761 467 1809 belli
477 1761 611 1822 imaginibus
622 1766 769 1821 expugnant.

140 1822 223 1887 [Nulla
232 1827 293 1873 urbis
303 1827 385 1874 deditio
395 1826 529 1902 madoribus
528 1825 637 1875 celebrata
649 1824 768 1870 laudibus:

102 1904 149 1936 nec
164 1897 238 1936 tamen
252 1891 350 1938 adulatio
361 1891 487 1939 vanitatem
497 1889 602 1951 principis
616 1901 767 1950 supergressa·

104 1954 144 2001 Ut
151 1947 252 2002 bellicam
258 1956 375 2010 virtutem,
391 1956 424 2002 ιιι
431 1954 593 2016 fatigationem
604 1954 718 2006 mentitus,
730 1967 766 1998 re·

101 2020 193 2080 liquum
210 2020 253 2068 diei
272 2019 397 2068 recreandis
415 2020 499 2065 viribus
515 2018 630 2065 absumsit.
669 2016 766 2064 Postero

69 2093 73 2100 '
103 2083 149 2139 die,
167 2084 195 2130 ad
209 2099 280 2132 novas
293 2085 394 2132 libidines
407 2083 507 2138 alacrior,
524 2083 614 2128 militari
630 2079 712 2143 pompa
729 2096 765 2127 re·

102 2163 200 2228 gressus
210 2157 252 2196 est.
284 2147 483 2210 ibatquadrigario
493 2148 575 2202 habitu,
592 2144 716 2194 aedtunicd
726 2159 767 2192 au·

102 2210 153 2267 reri,
169 2214 238 2276 bijugr
232 2212 388 2265 'famosorum
405 2227 514 2277 equorum
528 2211 644 2266 curriculo,
662 2209 766 2265 Darium,

101 2277 221 2338 multaque
228 2279 309 2326 deditae
318 2277 393 2325 urbis'
387 2293 411 2324 ιιι
422 2278 528 2355 triumphi
538 2277 630 2325 modum
641 2275 711 2338 spolia
720 2289 769 2336 pras

104 2358 134 2390 se
149 2342 231 2396 serena
263 2343 374 2390 Adstabat
379 2343 571 2404 praetorianorum
591 2355 679 2402 agmen,
703 2347 726 2386 et
744 2340 768 2386 in

102 2408 193 2461 eesedle
209 2409 289 2454 cohors
307 2409 436 2460 amicorum,
453 2406 557 2467 palmatis
569 2406 669 2452 restibus
679 2405 772 2466 magula

100 2471 156 2520 lica.
190 2470 255 2519 Pone
265 2473 397 2533 sequebatur
407 2478 549 2534 expugnator
564 2471 681 2525 exereitus,
697 2469 768 2531 pluri-

100 2551 188 2597 maque
199 2539 269 2591 turba,
284 2537 347 2584 vario
358 2538 452 2598 quisque
462 2535 540 2582 cultu'
535 2535 661 2614 moignes.

140 2598 213 2664 [Cum
231 2602 259 2649 ad
273 2602 348 2677 pqntia
361 2602 459 2648 medium
470 2615 599 2662 pervenere,
614 2599 717 2661 princeps
728 2594 769 2640 tri·

100 2666 175 2715 bonu
185 2667 299 2716 navibus'
293 2667 423 2731 impositum
434 2665 577 2723 conscendit3
595 2671 618 2710 et
628 2657 773 2724 imperatorio
