1842 2909
113 124 216 170 J.ctl·
269 119 628 174 munumentum
731 123 777 168 261

63 279 69 284 -
110 250 224 307 consiliis,
239 266 265 299 se
278 259 350 300 semet
362 253 429 300 hodie
443 269 489 316 pro
498 251 614 300 comminui
626 249 698 297 salute
710 249 780 297 ‹levo-

113 331 180 371 vere,
190 316 285 364 eventus
295 333 406 374 securum,
418 325 548 380 certumque
558 317 658 364 inunum
666 315 782 370 miserum,

113 381 205 441 sibique
220 388 291 443 turpe,
309 383 334 437 si,
351 384 405 430 dum
420 383 517 440 viveret,
535 380 586 437 ant,
602 395 667 442 quam
683 380 727 426 hac
741 378 782 426 sni

113 442 204 500 dextri,
217 443 286 494 Caius
297 447 392 494 maeret.

152 506 278 572 [Pudore'
272 509 349 572 urique
368 513 456 560 necensi
476 526 560 566 omnes,
579 508 646 558 fidem
664 515 782 564 movent,

115 589 275 635 motatumque
293 576 383 622 veniam
399 590 429 622 ex
445 574 538 623 andeoli
552 575 689 636 querebant.
719 572 782 622 Tum

113 639 165 684 dux
177 635 272 687 Chaerea
282 640 357 701 gladio
368 656 393 688 se
403 641 507 703 accmgit,
522 649 546 686 et
558 639 670 686 Palatium
681 639 745 700 petit,
755 645 782 686 ιιι

114 704 209 778 signum
221 705 307 751 militiae
318 719 381 752 more
391 706 491 768 aeeipist.
515 703 639 765 Nunquam
649 703 723 751 laetior
733 717 781 749 ma·

79 828 84 830 -
114 769 200 829 gisque
211 767 335 816 affabilis
315 785 377 817 vasus
388 770 499 845 princeps,
514 785 555 816 seu
569 765 656 822 nutari,
671 767 782 814 mulorum

113 831 249 894 praesagis
243 849 266 880 m
277 841 392 881 extremos
402 835 511 882 virtutum
521 833 633 896 igniculos
643 840 781 893 erumpente,

118 912 161 944 seu
176 897 303 944 blandiente
319 899 391 960 magis
406 895 503 952 fortuni,
518 913 564 958 quo
577 897 659 944 saevior
673 897 782 944 imminet.

114 959 165 1008 Illo
174 963 233 1008 enim
241 962 291 1022 ipso
299 963 342 1017 die,
353 979 413 1010 nono
422 961 534 1012 calendas
542 961 684 1018 Februarias,
694 961 723 1008 sd
730 975 783 1008 unm

114 1027 240 1088 perductus
250 1027 323 1080 fuerat
335 1026 364 1074 L.
371 1025 464 1076 Cassius
474 1026 600 1089 Longinus,
612 1026 677 1075 Asiae

119 1091 166 1146 sul,
182 1105 249 1151 quem
260 1089 399 1155 eprovineii
411 1101 551 1148 evocaverat,
566 1091 665 1140 monitus
696 1090 784 1138 ortunis

118 1124 244 1203 Anliatinis
256 1164 281 1203 ιιι
292 1157 333 1204 sibi
344 1171 357 1203 a
369 1154 448 1206 Cassio
459 1164 562 1204 memet·
582 1156 630 1218 ejus
638 1155 741 1210 vincula,
752 1161 782 1212 et,

117 1234 173 1266 cum
190 1219 265 1275 vellet,
282 1221 351 1276 caede,
369 1236 394 1268 se
409 1222 464 1268 vitae
480 1236 506 1270 se
522 1173 680 1269 domuitionis
696 1226 783 1268 eertum

117 1285 215 1340 rebatur,
227 1286 322 1334 oraculis
332 1285 440 1334 ludificari
447 1287 564 1342 homines,
580 1298 627 1334 non
641 1283 731 1336 delendi
740 1298 781 1334 ne·

115 1349 188 1398 scius.

113 1410 482 1536 dpltaquesscriedemareD.
488 1416 710 1481 Augustopemctn.
685 1414 784 1464 ludit

175 1478 199 1526 ι.
222 1479 333 1528 Adstabat
343 1497 393 1529 eum
406 1481 500 1531 tribunis
508 1422 711 1537 &moretm
723 1479 783 1528 Cas·

119 1543 155 1590 sio
157 1527 277 1622 Longino
284 1545 455 1594 formidolosior.
488 1547 601 1596 Sedebant
614 1546 692 1593 eaeteri
705 1545 783 1606 conju·

118 1608 214 1655 rationis
225 1610 286 1664 socii,
301 1609 389 1658 finnare
403 1612 497 1669 unimus,
512 1619 535 1659 et
545 1612 659 1673 proximae
665 1609 735 1660 caetllt
745 1624 784 1655 ru·

113 1673 242 1728 musculos,
257 1675 345 1736 vulgari
360 1683 453 1738 eoeptos,
469 1677 609 1752 ορριιιιιειε
603 1674 692 1722 intenti.
723 1671 784 1720 Cru-

118 1735 174 1784 enut
184 1737 257 1786 fabula
267 1749 291 1785 et
301 1739 372 1786 multi
381 1739 441 1788 fictae
452 1742 532 1788 mortis
542 1740 641 1804 imngine
648 1738 785 1787 exhilaratus

116 1802 231 1882 princeps,
242 1803 270 1850 nd
278 1803 381 1852 balneum
392 1805 555 1866 prandiumque
562 1819 667 1868 egressum
676 1801 786 1850 horttere
802 1861 806 1865 ἢ

117 1866 222 1928 septimi,
234 1882 316 1929 pueros
326 1869 418 1924 nobiles,
429 1885 459 1918 ex
470 1868 527 1918 Αιιι
536 1870 565 1916 ed
575 1869 688 1918 edendas
681 1883 707 1914 ιιι
717 1865 785 1914 sesni

115 1945 200 1993 operas
216 1933 341 1989 arcessitos,
357 1932 416 1981 forte
431 1935 591 1996 alloquebatur,
611 1948 663 1981 cum
680 1930 785 1987 cnam,

116 1995 191 2058 petito
204 1997 324 2044 militiae
307 2013 379 2060 arguo,
395 2000 546 2076 probroquue
558 2004 682 2059 ecceptq‘
683 1997 785 2058 ‘Accipe

118 2059 220 2114 ratum,'’
234 2063 312 2122 inquit,
321 2063 493 2126 gladiumque'
473 2080 495 2111 er
505 2066 623 2110 humerum
634 2064 693 2109 inter
703 2069 727 2107 et
737 2060 785 2108 col·

118 2125 183 2171 lum'
178 2127 301 2188 impressit.
315 2127 425 2184 silentem,
434 2137 458 2176 et
465 2128 574 2190 effugrum
582 2133 706 2174 tentantem
715 2124 787 2174 Corn.

119 2190 216 2237 Sabinus
227 2205 282 2238 mox
297 2193 385 2247 invasit,
401 2202 424 2240 et
434 2195 456 2240 in
472 2209 557 2277 genua,
561 2193 679 2254 provolvit,
695 2192 786 2252 signum

118 2255 430 2332 conjurationisinelamans,‘
431 2256 557 2320 Repete.”
576 2255 786 2318 Cninsjneenscln·

119 2319 171 2365 mita
165 2335 249 2381 meque
262 2336 286 2366 se
302 2322 384 2376 vivere,
400 2324 477 2370 statim
488 2323 582 2384 triginta
591 2321 720 2368 vulneribus
731 2334 786 2366 eon·

118 2383 195 2430 fectus
206 2392 247 2431 est.
272 2385 320 2432 Alii
331 2385 447 2446 prodidere
459 2385 608 2435 chaeream·
589 2402 609 2432 er
618 2386 727 2432 cervicem
737 2384 787 2466 gla-

119 2449 159 2494 dio
171 2449 247 2494 eaesim
261 2451 405 2511 percussisse,
420 2450 537 2514 praemissi
546 2467 610 2505 voce,
623 2449 699 2496 “Hoc
710 2445 776 2510 age3'

119 2521 144 2560 et
158 2509 227 2559 Corn.
239 2515 346 2561 Sabinum
358 2530 387 2562 ex
399 2517 493 2563 adverso
503 2523 581 2593 pectus
589 2511 787 2562 transverberisse.

120 2575 221 2688 Copstat
236 2586 364 2626 extremum
377 2578 532 2643 letalemque
526 2590 596 2628 actum
611 2581 639 2626 ab
654 2564 758 2639 Aquilai
752 2588 788 2618 rn-

117 2655 162 2704 ges
174 2656 210 2688 um
