1842 2909
80 119 82 128 ’
133 122 184 168 320
215 111 410 166 ANNALIUM
426 110 539 163 Laxt
550 111 659 164 Cam.
691 116 814 157 mesor.

137 249 167 301 ad
177 250 281 302 honesta,
293 261 334 296 seu
344 259 423 310 prava*
436 247 505 310 jons
514 247 568 294 leri.
601 245 669 309 Ergo
680 243 816 299 Narcissrrs,

139 315 254 369 meantis,
265 314 345 374 quibus
356 313 416 358 idem
436 320 519 368 metus,
534 328 582 359 non
593 313 661 360 aliam
672 326 739 372 spem
749 311 816 357 inco-

139 380 249 428 lumitatis
262 377 368 432 Caesaris,
380 377 483 431 affirmat,
492 393 561 437 quam
572 378 592 424 si
597 380 638 441 jos
648 377 758 430 militum,
769 389 816 422 uno

140 445 181 494 ilio
199 446 241 500 die,
261 445 283 490 in
302 443 399 504 aliquem
421 443 552 500 libertorum
579 441 727 490 transferret:
749 455 819 500 seque

62 526 69 540 ¹
127 509 210 558 'offert
220 515 386 570 suscepturum.
422 507 458 554 Ac
470 523 506 563 ne,
518 508 572 555 dum
583 508 607 554 iu
618 507 706 554 Urbem
717 507 818 559 rebitur,

143 577 173 626 ad
187 571 517 637 poenitentiamaLVitellio
531 581 555 620 et
574 571 602 620 P.
616 571 696 635 Largo
715 568 821 624 Caeeini,
911 584 912 593 r

144 647 277 717 stauretur,
301 640 324 686 in
344 638 424 686 eodem
445 639 574 700 gestandae
589 638 667 685 sedern
686 636 765 699 poscit
781 651 821 682 so·

144 713 306 818 ¹1¹1{llil-XIV.
324 767 410 816 Crebra
420 776 473 830 post
483 769 533 816 hec
542 767 604 815 fama
612 767 664 822 fuit,
675 768 739 813 inter
747 766 821 813 direr-

148 853 185 887 sat
196 835 302 899 principis
313 849 387 888 voces,
399 849 451 880 cum
463 834 531 880 modo
539 835 653 881 incusaret
662 831 757 893 flagitia
767 846 824 878 uxo·

149 903 187 958 ris,
200 901 319 962 aliquando
330 899 502 947 admemoriam
515 900 615 962 conjugii
626 905 650 946 et
660 897 785 944 infantiam
796 895 825 942 lis

150 969 256 1014 berorum
274 965 434 1019 revolveretur,
452 979 499 1011 non
515 965 576 1012 aliud
589 964 737 1026 prolocutum
749 961 826 1008 Vitel-
911 974 912 1009 ξ

147 1033 293 1105 ,Ιίυιηηυεημ
307 1029 456 1078 “Osacinus!
470 1028 600 1078 oscelus!”
617 1027 723 1077 Instabat
734 1027 827 1088 quidem
911 1036 912 1051 ¹

152 1097 283 1150 Narcissus,
300 1096 385 1158 aperire
400 1096 514 1156 ambages,
530 1103 554 1143 et
568 1095 616 1157 reri
631 1095 722 1156 copiam
737 1093 825 1140 faeere:

154 1163 194 1212 sed
207 1177 252 1210 non
264 1162 314 1208 ideo
330 1161 432 1222 pervicit,
448 1162 502 1221 quin
513 1175 628 1223 suspensa,
643 1168 673 1216 et,
695 1174 743 1220 quo
760 1159 829 1206 duoe·
911 1174 912 1181 ¹

155 1236 241 1280 rentur,
248 1227 382 1274 inclinatura
392 1227 545 1288 responderet,
549 1227 701 1287 exemploque
712 1225 766 1287 ejus
772 1221 831 1270 Lar·
911 1228 912 1247 ¹

155 1308 201 1356 gus
213 1291 306 1340 Caecina
317 1299 423 1340 uteretur.
447 1291 536 1352 EtJ'am
548 1292 628 1338 eratin
639 1291 752 1352 adspectu
764 1287 831 1336 tte·
911 1296 912 1303 ¹

157 1358 235 1412 salina,
258 1357 436 1418 clamitabatque,
460 1357 547 1404 audiret
568 1356 673 1403 Octaviae
692 1361 717 1400 et
737 1354 832 1402 Brian-
911 1348 912 1367 l

157 1423 204 1476 pici
221 1429 332 1478 matrem
349 1435 401 1469 cum
418 1422 547 1483 obstrepere
564 1424 693 1477 accusator,
711 1419 797 1466 Silium
811 1425 834 1464 et

158 1487 249 1550 nuptias
260 1485 373 1534 reserens:
393 1487 460 1532 simul
472 1487 593 1542 codicillos,
609 1486 728 1532 libidinum
739 1485 835 1536 indioes,

159 1552 259 1606 tradidit,
271 1552 351 1612 quibus
362 1552 424 1600 visus
437 1549 536 1599 Caesaris
547 1557 666 1600 averoeret.
695 1549 751 1596 Nec
763 1549 836 1596 multo

112 1651 120 1659 -
160 1615 307 1682 postUrbem
315 1617 450 1679 ingredienti
459 1617 608 1665 offerebantur
616 1614 835 1671 communesiiberi5

162 1684 207 1732 nisi
219 1682 341 1730 Narcissus
353 1683 452 1730 amoveri
464 1699 503 1731 eos
517 1683 630 1745 Jussisset
662 1680 783 1727 Vibidiam
798 1680 836 1726 de·

162 1748 421 1812 pellere,nequivit,quin
433 1746 506 1794 multi
516 1763 567 1794 cum
579 1744 665 1794 invidit
675 1745 803 1808 flagitaret,
810 1759 838 1791 ne

162 1815 281 1864 indefensa
292 1816 376 1878 conjux
391 1814 460 1862 exitio
475 1813 573 1860 daretur.
606 1809 688 1874 Igitur,
707 1811 839 1858 auditurum

163 1882 295 1944 principem,
310 1888 334 1926 et
351 1878 400 1927 iore
415 1879 514 1926 diluendi
531 1877 630 1924 criminis
644 1875 790 1932 facultatem,
805 1891 840 1922 re·

166 1946 268 2009 spondit:
288 1945 331 1992 iret
342 1944 431 1991 interim
443 1945 517 2005 virgo,
528 1951 552 1989 et
562 1958 626 1990 sacra
636 1947 777 2004 capesseret.

130 2061 132 2067 ,
200 2009 311 2058 XXXV.
333 2009 420 2056 Mirum
439 2009 499 2058 iuter
520 2009 571 2056 bac
592 2008 708 2054 silentium
732 2005 839 2054 Claudii:

166 2074 276 2123 Vitellios
292 2077 371 2138 ignaro
385 2075 487 2136 propior:
508 2074 585 2121 omnia
598 2074 681 2120 liberto
697 2072 843 2119 obediebant.

166 2139 273 2188 Patefierr'
291 2140 381 2186 domum
392 2139 495 2194 adulteri,
510 2146 578 2199 atque
587 2138 641 2185 illuc
652 2136 735 2184 deduci
745 2137 844 2200 impu:-

168 2211 242 2250 sorem
255 2205 327 2265 jubet.
360 2204 397 2250 Ac
408 2205 506 2263 primurn
517 2205 543 2250 in
554 2203 670 2257 vestibulo,
681 2202 789 2264 effigiem
803 2217 844 2263 ps·

169 2266 209 2312 tris
222 2267 278 2320 Silii,
288 2268 392 2314 consulto
400 2269 493 2314 senatus
501 2269 612 2322 abolitam,
620 2268 777 2314 demonstrat:
789 2277 846 2318 urm,

169 2329 276 2388 quidquid
293 2332 379 2378 avitum
399 2329 531 2380 Neronibus
549 2339 573 2378 et
589 2332 681 2386 Drusis,
701 2333 727 2377 in
744 2333 846 2393 pretium

168 2391 243 2451 probri
254 2394 361 2440 cessisse:
381 2396 546 2457 incensumque
556 2404 580 2444 et
590 2398 618 2444 ad
628 2399 703 2442 minas
721 2411 847 2458 erumpen-

168 2461 216 2500 tem
232 2456 310 2501 castris
326 2456 400 2512 infert,
419 2459 499 2522 parati
518 2463 629 2508 concione
642 2461 760 2518 militum
789 2459 848 2521 apud

116 2555 120 2562 .
170 2529 234 2590 quos,
246 2529 400 2576 praemonente
412 2523 529 2580 Narcisso,
541 2541 614 2586 pauca
623 2525 770 2572 verhafeeit:
788 2540 848 2577 nans,

170 2586 317 2652 ‘iiliusfflmr
331 2583 432 2632 dolorem
446 2591 520 2650 pudor
535 2591 677 2651 impediebat.
713 2588 849 2637 Continuus

170 2641 250 2690 delum
264 2645 390 2697 cohortium
400 2652 606 2712 clamen-nomina
621 2669 713 2704 reorum
725 2662 750 2703 et
766 2667 850 2718 poenrs
