1842 2909
151 102 199 149 rto
236 100 430 152 ANNALIUM
446 100 556 149 Lntv.
567 98 679 150 caasa.
698 104 821 151 uotis.

154 230 197 277 tris
206 234 251 278 mei
267 234 383 286 amicitias,
397 248 444 279 uon
459 231 542 279 occulti
552 232 642 278 senrnt:
661 246 745 294 perque
755 231 821 279 invi·

154 295 214 343 diam
225 298 264 351 tui,
282 312 419 357 mequoque
433 298 545 343 incusant.
576 296 680 343 Atenitn
695 296 842 358 Augustus'

154 360 224 405 tiliam
242 376 305 408 susm
321 362 390 422 equiti
408 361 515 409 Romano
531 362 619 409 tradere
635 360 756 407 meditatus
774 371 840 408 est.·

155 424 251 479 ornum,
269 427 365 481 hercule,
376 428 402 480 si.
420 442 472 473 etun
483 427 507 473 in
518 440 598 473 omnes
608 441 673 472 curos
684 426 823 473 distrahere-

153 496 198 543 tur,
210 490 389 551 immensumque
398 491 471 538 attolli
481 492 616 553 provideret,
627 505 694 550 quem
709 492 823 553 conjunc·

154 556 218 601 tioue
235 556 275 603 tali
294 570 361 617 super
374 556 430 603 aiios
440 556 564 609 extulisset,
583 554 612 603 C.
624 553 777 608 Proculeium,
799 563 825 602 et

155 620 264 680 quosdam
274 622 298 667 in
309 622 449 667 sermonibus
458 620 542 674 babuit,
557 620 640 681 insigni
657 620 825 679 tranquillitate

154 684 215 737 vitae,
234 685 303 731 nullis
324 686 416 746 reipubl
438 685 536 746 negotiis
560 685 690 747 permixtae
726 684 779 738 Sed,
804 686 823 730 si

155 748 293 796 dubitatione
303 750 403 811 Augusti
421 761 547 803 movemur,
564 755 648 811 quanto
663 748 762 795 validius
778 758 837 803 eet,⁴

155 814 216 873 quod
226 814 263 861 Μ.
273 815 389 876 Agrippae,
401 829 456 859 mox
466 815 521 859 mibi
532 814 667 861 collocavit?
684 814 765 874 Atque
775 824 822 875 ego

154 879 211 933 hec,
228 894 270 941 pro
288 878 391 933 amicitia,
407 894 454 925 non
473 878 597 925 occultavi:
616 884 723 925 caeterum
747 894 822 938 neque

156 943 209 996 tuis.
227 960 300 1006 neque
316 943 390 990 Livias
400 943 516 989 mattis
527 944 667 990 adversabor.
700 940 755 1003 Ipse
766 943 821 1002 quid

154 1008 215 1055 intra
231 1010 330 1056 animum
341 1008 497 1062 volutaverim,
515 1008 595 1068 quibus
611 1008 683 1053 adhuc
693 1008 820 1054 necessitu-

153 1074 242 1121 dinibus
252 1074 378 1121 immiscere
388 1080 412 1118 te
420 1072 476 1117 mibi
485 1086 568 1133 parem,
575 1072 676 1119 omittam
685 1072 822 1132 adpraesens

155 1140 248 1186 reterre:
262 1140 286 1185 id
297 1145 385 1185 tantum
396 1136 500 1197 aperiam,
512 1136 568 1182 nibil
578 1141 628 1183 ess'e
638 1142 683 1181 tam
695 1136 822 1191 excelsum.

154 1204 215 1265 quod
221 1219 268 1250 nou
274 1204 369 1250 virtutes
378 1202 430 1247 ista
436 1208 534 1261 musque
543 1201 567 1247 in
574 1216 611 1247 me
618 1202 706 1248 unimus
714 1216 820 1249 merean-

154 1278 207 1325 tur;
217 1269 315 1328 datoque
326 1274 432 1328 tempore,
443 1266 481 1311 rel
491 1266 514 1312 iu
523 1272 608 1321 senatu,
619 1265 655 1312 vel
666 1266 690 1311 in
702 1267 821 1321 cendone,

154 1344 200 1380 non
210 1329 332 1379 reticebo.”

188 1396 260 1444 XLI.
276 1396 376 1443 Rursum
390 1396 491 1460 Sejanus,
511 1410 556 1442 non
567 1396 615 1457 jtun
627 1395 655 1442 de
666 1396 833 1450 matrimonio..

156 1465 196 1515 aed
206 1464 273 1511 altius
282 1469 395 1517 metuens,
411 1462 479 1508 tacita
490 1461 647 1522 suspicionum,
664 1460 729 1521 vulgi
741 1474 820 1507 rumo-

156 1546 212 1586 rem,
228 1530 371 1589 ingruentem
380 1526 489 1573 invidiam
499 1525 636 1587 deprecatur.
671 1524 708 1571 Ac
720 1541 751 1571 ne
761 1526 821 1572 assi·

156 1598 214 1643 duos
221 1596 245 1640 in
256 1594 348 1640 domum
353 1590 537 1645 tentamento,
545 1589 678 1651 infringeret
685 1591 821 1651 potentiam,

156 1668 197 1708 sut
210 1653 351 1720 receptando,
367 1654 497 1702 facultatem
511 1654 679 1701 criminantibus
692 1656 820 1717 praeberet;

155 1726 201 1771 buc
222 1723 294 1777 flexit,
315 1729 342 1768 ut
362 1719 478 1767 Tiberium
497 1720 618 1777 advitam,
639 1710 819 1781 proculRomi,

156 1789 253 1835 smoenis
268 1787 325 1833 locis
335 1785 459 1847 degendam
475 1784 607 1845 impelleret.
639 1782 717 1833 Multa
734 1785 831 1846 quippe.

152 1853 296 1917 providebstz
315 1849 357 1897 suls
366 1850 391 1896 in
401 1864 469 1896 manu
480 1849 559 1904 aditus,
566 1848 724 1909 literarumque
735 1847 822 1911 magni

154 1934 184 1966 ex
194 1925 258 1981 parte
268 1932 294 1965 se
304 1916 409 1963 arbitrum
420 1914 475 1969 lore,
492 1928 544 1960 curn
560 1929 601 1975 per
610 1912 693 1961 milites
703 1929 820 1961 commea·

154 1991 223 2033 rents
241 1997 297 2030 mox
307 1981 431 2033 Caesarem,
447 1976 557 2040 tergente
567 1979 616 2039 jtun
628 1977 725 2029 senectti,
741 1994 830 2033 ,saonen

154 2056 224 2111 toque
229 2050 276 2095 loci
283 2046 401 2098 mollitum,
406 2044 483 2091 munia
489 2043 665 2105 imperiilacilius
672 2044 819 2091 transmissu·
828 2074 829 2079 =

155 2129 221 2160 rums
244 2122 268 2159 et
283 2113 353 2159 minui
375 2111 416 2157 sibi
436 2108 550 2163 invidiam,
571 2105 659 2154 ademtri
681 2107 830 2155 salutantum·

155 2176 231 2233 turbis
254 2176 390 2236 sublatisque
407 2174 517 2227 inanibus,
534 2170 588 2219 veri
605 2171 707 2233 potentia
725 2188 819 2235 augere.

156 2240 233 2303 Igitur
242 2242 349 2302 paulatim
359 2240 452 2300 negotia
461 2238 528 2291 urbis,
545 2237 622 2299 populi
633 2252 744 2292 accursus,
756 2238 818 2285 mul-

154 2305 283 2353 titudinem
295 2304 432 2351 affluentium
450 2304 557 2364 increpat,
582 2301 693 2348 extollens
714 2302 820 2352 laudibus

155 2371 254 2430 quietem
265 2376 289 2415 ct
299 2369 454 2423 solitudinem
471 2367 521 2428 quis
538 2368 617 2413 aberae
629 2366 696 2413 taedia
710 2373 733 2413 et
743 2363 817 2416 offen·

153 2446 274 2541 mibi?
283 2446 479 2541 mittit:
486 2438 698 2557 inlidit
714 2460 829 2543 vmn'

151 2558 274 2612 Montano,
285 2557 378 2604 celebris
388 2559 473 2619 ingenii
483 2560 541 2613 vito,
551 2560 658 2621 cognitio,
669 2564 827 2607 cunctantem

145 2625 195 2686 jttm
205 2622 320 2671 'liberium
334 2622 436 2684 perpulit,
453 2630 482 2671 ut
492 2623 596 2673 vitandos
610 2625 709 2689 crederet
723 2631 834 2696 patrum·
