1842 2909
106 128 208 175 ton.
276 127 371 180 anx.
387 119 592 180 naamani
730 131 783 188 tna

106 257 174 310 Urbe
182 261 349 326 peregrinitatis
360 256 427 310 ssi&
437 262 580 310 admirationi
595 259 668 310 intre.
699 261 739 310 Ex
751 265 781 314 iit

104 325 719 457 {inlidititiiqittttttttt‘t
731 327 781 443 ¹5¹5

103 458 163 505 mill.
173 459 254 522 plebis:
269 473 360 511 servum
372 459 471 506 nemini:
491 475 537 506 non
548 461 572 506 in
583 461 643 507 diem
654 468 693 507 aut
703 461 776 507 intera·

105 523 146 571 diu
158 537 275 570 somnum:
296 536 364 586 agros
376 523 496 587 diligenter
507 525 562 572 coli:
583 525 637 572 vitis
650 540 717 573 usum
729 539 777 573 non

105 603 165 645 ease,
179 590 255 652 pomis
276 589 398 636 abundare:
419 603 470 636 esse
486 590 510 635 ln
525 591 612 653 piscans
628 589 776 653 voluptatem,

103 655 245 701 testudinum
256 655 361 710 maxime,
372 667 468 716 quarum
480 654 599 717 superficie
606 655 703 704 familias
714 657 778 704 mnis

102 720 204 766 tantiam
214 727 375 782 contegerent:
389 719 489 767 -aedidcie
505 721 596 767 modice
611 722 639 768 ab
653 722 723 768 bnmo
736 735 778 768 ex·

103 791 180 832 stare:
200 797 443 850 annonamnunquam
461 787 550 848 augeri:
570 801 616 833 non
632 785 780 834 torentem

103 863 171 897 esse:
190 849 234 896 coli
246 844 383 897 Herculemr
397 850 461 898 'fests
470 851 593 898 venatione
602 852 706 908 absumi3
722 864 777 915 gro·

102 916 668 978 tissimameamtigribuselepbontisqueeonstare.
684 917 776 980 Regem
807 951 811 954 »

101 981 182 1042 eligia
192 981 275 1043 populo
286 979 379 1030 serent
388 979 559 1042 clementique,
575 982 657 1044 liberos
668 997 714 1028 non
734 983 777 1029 ba·

101 1047 212 1103 bentem3
225 1053 254 1100 et,
266 1046 371 1108 sipostee
382 1046 470 1110 gignet,
481 1047 584 1102 abdicari,
593 1063 623 1094 ne
632 1046 672 1094 liat
679 1048 776 1094 baeredi·

102 1111 189 1156 tarium
206 1125 317 1172 regnum:
338 1119 436 1158 rectores
455 1112 477 1158 ei
491 1127 505 1158 a
520 1112 603 1174 populo
620 1111 699 1158 XXX
710 1113 773 1160 derit

101 1190 150 1222 nec
158 1175 304 1238 uisiplurium
313 1174 425 1223 sententii
432 1191 566 1238 quemquem
575 1178 655 1238 capitis
662 1178 776 1235 damnari3

102 1241 139 1287 sic
158 1255 246 1301 quoque
262 1241 433 1303 appellationem
451 1257 501 1288 esse
518 1243 546 1288 ad
559 1243 682 1305 popalum3
699 1241 775 1288 LXX

95 1305 191 1369 judices
207 1305 269 1363 dari;
288 1307 306 1354 si
322 1306 418 1353 liberent
435 1321 506 1362 reum,
523 1307 618 1368 amplius
633 1307 734 1370 triginta,
746 1308 774 1353 iis

101 1371 191 1417 nullam
202 1386 252 1417 esse
267 1371 428 1434 dignationem,
445 1373 580 1433 gravifflmo
590 1373 679 1434 probro.
711 1371 775 1434 Regi

101 1436 192 1482 cultum
211 1435 286 1482 Liberi
305 1437 382 1498 patris,
404 1437 493 1484 caeteris
512 1437 625 1484 Arabum:
651 1452 735 1499 regem.
754 1437 775 1484 si

101 1501 160 1560 quid
178 1501 297 1561 delinquat,
320 1508 394 1551 morte
416 1501 514 1556 multari,
537 1503 600 1548 nullo
622 1503 772 1558 interimente,

100 1566 258 1612 aversantibus
277 1567 371 1622 cunctis,
391 1566 564 1614 et'oommeroia
577 1567 645 1613 etiam
663 1568 775 1614 sermonis

101 1645 119 1678 n
166 1631 247 1678 ntibus.
287 1644 301 1666 *v

150 1693 211 1742 Haeo
228 1697 257 1742 ob
277 1696 401 1744 novitatem
424 1696 565 1742 audientibus
586 1703 657 1758 grata
685 1695 771 1743 Liben-

99 1761 150 1807 tius
161 1775 222 1816 vero,
233 1761 287 1807 licet
297 1761 357 1808 baud
368 1761 422 1807 'sine
437 1760 522 1807 invidit
532 1761 640 1818 auditum,
656 1761 686 1807 ibi
700 1763 771 1808 vitam

99 1825 221 1872 hominum
229 1833 320 1873 centum
327 1826 392 1872 annis
400 1825 511 1873 modicam
521 1843 528 1872 z
547 1827 642 1874 ursulam
651 1828 699 1874 ouri
709 1841 771 1873 mar·
789 1876 791 1883 ,

96 1892 271 2004 ξήιιηιωᾳυε
281 1885 576 1968 grandiorum'fertiliorem,
594 1889 770 1968 quamuladiam.

122 1955 223 2002 aululum
241 1957 350 2004 invidiam
370 1964 484 2002 immmurt
501 1957 608 2003 vitiorum
628 1964 730 2011 societas,
745 1963 771 2002 et

97 2021 217 2070 Romanae
234 2022 331 2068 luxuriae
349 2021 522 2068 commendatio.
556 2021 694 2068 Fatebantur
709 2021 770 2068 enim

95 2087 171 2150 legati
183 2086 223 2133 sibi
235 2101 314 2132 aarum
322 2094 345 2134 et
353 2095 474 2149 argentum
484 2088 509 2133 in
519 2087 601 2148 pretio:
615 2101 714 2134 mumor
725 2093 772 2132 tes·

92 2151 187 2200 tudinis
209 2151 288 2206 simile,
314 2167 417 2214 gemmas
439 2153 617 2214 margaritasque
639 2153 662 2198 in
684 2152 771 2198 bonore

95 2217 174 2265 multo
192 2217 360 2278 praetentiores
379 2218 469 2269 baberi:
487 2217 587 2278 ipsorum
604 2231 659 2279 opes
674 2220 772 2279 majorca

95 2297 158 2335 ease,
171 2283 210 2328 sed
221 2281 280 2344 apud
290 2280 408 2328 Romanos
419 2281 540 2344 opulentiae
547 2283 655 2344 majorem
663 2296 737 2329 osum.

134 2345 213 2410 [Talia
223 2347 247 2394 in
258 2345 338 2402 insui,
356 2354 420 2393 extra
439 2349 514 2394 orbem
531 2362 545 2394 a
563 2345 644 2394 natust
659 2344 766 2408 relegati,

93 2413 166 2460 multi
182 2427 208 2458 eo
220 2412 292 2474 magis
307 2411 523 2472 mirabanturyquod
534 2412 563 2457 de
575 2412 665 2459 Seribrn
677 2425 769 2474 prorsus

96 2478 190 2524 diversa
204 2479 266 2538 prius
277 2477 359 2532 audita,
372 2477 505 2524 certioribus
519 2478 605 2523 nuntiis
614 2483 663 2522 tum
676 2475 771 2521 firmata.

97 2541 247 2590 Memorabat
255 2543 314 2588 enim
326 2541 479 2589 Rachiaultra
486 2549 576 2588 montes
582 2541 686 2588 Emodon
697 2540 772 2610 Serast

97 2607 185 2655 lanicio
193 2608 300 2655 silvarum
311 2608 403 2663 nobiles,
415 2608 442 2654 ab
453 2608 508 2668 ipsis
518 2608 614 2668 adspioi;
632 2603 724 2650 advenis
732 2600 773 2646 siba

96 2687 236 2735 coeuntes
253 2679 322 2726 notos
332 2674 557 2726 aianeoaneoiot
575 2677 773 2734 patremsunmeo
