1842 2909
168 147 216 191 100
249 143 692 207 suasurummucmm.
710 148 834 195 uene.

165 275 234 323 orbor
252 274 412 337 &ineuntur
429 276 650 333 muana‘vmem,
665 277 833 339 quesitumque

165 354 206 401 per
221 336 343 387 Chaldaeos
353 342 377 386 in
388 341 481 389 domum
494 341 606 399 (laeserim
624 342 760 389 defendente
769 356 831 389 reare

165 402 247 449 Manio
258 402 354 467 Lepido,
367 406 444 453 fratre.
477 406 593 462 Qiririnus,
604 416 656 469 post
666 408 752 456 dictum
765 423 831 469 repn-

165 468 226 513 dium
233 469 307 517 adbuc
317 470 425 526 infensus,
431 473 534 531 quamvis
541 471 617 519 infami
626 486 652 519 ac
662 472 753 519 nocenti
762 474 830 517 mise·

166 533 276 579 rationes
289 535 410 583 addiderat.
443 534 514 583 Haud
524 536 590 586 iacile
600 537 649 598 quis
660 537 784 598 dispexerit
795 532 833 583 illi

164 597 189 643 in
200 600 330 660 cognitione
340 607 439 647 mentem
454 601 572 663 principis:
592 602 648 649 adeo
658 602 727 647 vertit
738 616 766 647 ac
776 602 831 647 mis·

165 663 213 709 cuit
223 663 264 710 irre
273 671 297 710 et
307 664 434 713 ckmentiae
444 666 524 727 signa:
544 667 673 728 deprecatus
681 666 756 728 primo
765 680 831 713 sena-

165 734 222 781 tum.
241 743 270 775 ne
288 729 411 790 majestatis
424 730 519 779 crimina
540 738 703 777 tractarentur:
714 745 777 777 mox
795 729 832 777 Μ.

167 792 295 847 Servilium
314 808 329 839 e
339 794 498 850 mmulanbus,
517 796 616 856 aliosque
634 802 703 845 testes
716 795 792 841 illexit
803 795 831 841 ad

166 856 305 917 proferende,
327 872 378 918 quse
400 859 463 907 velut
484 862 577 907 reticere
591 860 705 906 voluerat:
726 860 832 920 idemque

167 936 245 969 servos
266 919 365 984 [lepide
383 939 436 970 cum
457 924 548 971 militari
569 924 671 973 custodii
689 926 831 978 haberentur,

167 986 281 1033 transtulit
291 988 319 1035 ad
329 989 450 1046 cumulem
468 1004 540 1050 neque
550 1005 590 1051 per
604 998 717 1036 tormenta
732 990 832 1035 Interro-

166 1052 217 1113 gari
227 1068 305 1115 passus
315 1061 351 1099 est
361 1053 389 1101 ck
400 1053 435 1099 bis
445 1070 497 1115 quae
512 1054 540 1102 ad
551 1054 642 1101 domum
654 1069 718 1101 suam
730 1054 831 1115 pertiue-

167 1126 224 1163 rcut.
255 1117 350 1165 Exemit
359 1118 427 1165 aiam
438 1117 548 1173 Drusum,
557 1118 671 1165 consulem
680 1118 832 1179 designatum,

167 1182 268 1229 dicendae
283 1183 356 1245 primo
374 1183 425 1229 loco
441 1184 575 1231 sententiae:
595 1185 654 1244 quod
664 1184 700 1230 ulii
711 1183 779 1229 civile
796 1198 832 1228 re-

166 1246 253 1301 bantur,
264 1262 294 1292 ne
302 1247 391 1293 ceteris
404 1248 540 1295 remouendi
552 1248 672 1295 necessitas
683 1244 761 1293 fieret:
782 1248 832 1307 qui·

166 1309 218 1356 dnm
229 1311 258 1356 ad
273 1311 383 1357 saevitiam
400 1313 517 1359 trabebant
522 1329 531 1369 ς
542 1313 692 1373 -nequeenIm
707 1326 832 1367 cessurum,

165 1374 208 1420 nisi
219 1374 339 1421 damnandi
348 1375 430 1423 officio.

168 1473 174 1481 ,
199 1436 299 1485 XXIII.
316 1436 516 1502 Iaepidnludorum
527 1443 610 1498 diebus,
628 1444 666 1503 qui
677 1441 833 1504 cognitionem

166 1503 339 1559 intervenerant,
357 1505 471 1553 theatrum
482 1522 534 1553 cum
545 1507 611 1555 claris
621 1506 711 1553 femInis
721 1507 833 1570 ingressa,

166 1568 325 1617 lamentatione
343 1568 410 1617 flebili
433 1571 529 1632 majores
551 1586 603 1621 suos
623 1573 690 1626 ciens,
712 1572 834 1632 ipsumque

167 1632 308 1696 Pompeium,
324 1636 389 1697 cujus
404 1649 433 1681 ea
446 1636 586 1685 monimenta
600 1644 623 1685 et
638 1637 751 1683 adstantes
774 1637 832 1683 ima-

166 1699 232 1759 gines
242 1700 377 1754 visebantur,
395 1706 483 1746 tantum
495 1701 653 1747 misericordIae
664 1702 784 1761 permovit,
800 1708 834 1757 ut,

166 1760 232 1812 effusi
242 1763 266 1809 in
276 1763 393 1825 Iucrymm
402 1779 464 1811 saeva
473 1772 497 1811 et
507 1766 638 1813 detestanda
649 1764 745 1819 Quirino
752 1766 833 1813 clami·

166 1835 248 1883 tsrent,
263 1829 327 1889 cujus
343 1836 441 1876 senectae
450 1836 519 1890 atque
530 1830 624 1884 orbitati,
634 1837 657 1877 et
667 1830 834 1877 obscurissima

166 1892 251 1947 domui,
260 1893 369 1941 destincte
379 1894 492 1954 quondum
501 1910 558 1941 uxor
565 1892 594 1941 L.
601 1892 692 1949 Caesari,
705 1910 731 1941 ac
743 1893 833 1943 Dau-

165 1964 236 2019 gusto
254 1973 330 2012 nurus,
346 1958 470 2005 dederetur.
504 1958 566 2006 Dein
583 1960 700 2007 tormentis
713 1973 833 2008 servorum

166 2022 277 2083 musaeu
287 2030 340 2069 sunt
350 2022 442 2084 flagitia,
449 2024 551 2084 itumque
561 2025 583 2069 ln
596 2024 728 2071 sententiam
741 2022 835 2071 Rubelli
912 2012 913 2055 3

167 2084 259 2141 Blandi
271 2103 340 2148 aquo
350 2086 486 2148 equitatque
497 2089 545 2149 igni
556 2089 683 2135 arcebatur:
702 2089 755 2135 huic
766 2087 833 2135 Dru·
912 2114 913 2119 =

165 2165 208 2196 sua
218 2153 321 2210 assensit,
332 2167 466 2213 qumquem
477 2153 513 2201 alii
525 2154 601 2199 mitius
610 2154 763 2201 censuissent:
778 2168 835 2201 mos
912 2176 913 2197 t

168 2214 261 2269 Scauro,
278 2216 316 2275 qui
333 2217 401 2263 liliam
411 2217 481 2264 enei
496 2225 613 2279 genuerat,
628 2218 712 2271 datum,
730 2233 760 2263 ne
773 2219 835 2267 bona

165 2278 338 2340 publicarentur.
370 2279 431 2327 Tum
442 2282 533 2329 demum
545 2283 630 2345 aperuit
644 2282 756 2337 Tiberius,
769 2298 834 2329 com·

164 2351 253 2403 pertum
264 2344 306 2389 sibi
314 2347 383 2391 etiam
393 2361 424 2392 ex
434 2344 462 2392 P.
470 2346 560 2401 Quirini
570 2348 647 2403 servis,
655 2362 745 2395 veneno
754 2362 809 2395 eum
821 2359 836 2398 t

165 2404 256 2466 Lepidi
266 2409 368 2467 petitum¹

200 2468 297 2519 XXIV.
314 2471 438 2519 lllustrium
450 2475 556 2521 domuum
564 2476 657 2522 adversa
669 2476 764 2538 (etenim
773 2476 835 2527 baud

167 2533 263 2578 multum
274 2535 366 2581 dictami
377 2545 478 2597 tempore
493 2537 608 2600 Calpurnii
621 2539 735 2592 Pisonem,
743 2540 834 2593 AEmilii
912 2590 913 2595 ,

166 2594 276 2656 Lepidum
285 2598 416 2658 amiserunt)
428 2602 508 2648 solatio
520 2602 594 2650 affecit
605 2603 742 2659 naitanus,
755 2604 834 2655 Juniae

165 2658 256 2728 familiae
267 2662 374 2711 redditus.
404 2661 491 2717 Casum
505 2668 554 2729 ejus
566 2670 642 2729 paucIs
653 2674 762 2731 repetam,
795 2668 835 2721 -Ut
912 2724 913 2735 γ
