1842 2909
97 134 196 181 J.c.19.
249 129 440 181 ANNALIUM
457 130 557 180 Lali
570 130 680 181 Car-82·
729 134 761 180 85
851 164 852 172 ι

95 269 215 323 ,parentem
226 262 340 322 quondam
350 262 494 324 appellatum
505 264 523 309 si
534 264 587 325 Jure
597 268 709 325 ageretur,
720 278 762 323 po·

98 328 188 381 tiorem,
199 328 218 373 si
228 327 303 382 armis,
315 342 361 373 non
371 328 500 383 invalidum,
507 326 635 375 ‘vidissent
653 326 715 374 Tum
722 342 764 387 pro

98 392 246 439 munimentis
256 392 342 439 castelli
355 392 481 454 manipulos
498 392 677 454 explieat-colle
693 392 763 438 arduo

97 464 124 503 et
143 456 252 519 d;ernpto
270 471 321 503 narn
339 463 424 503 eaetera
440 457 497 504 mari
514 458 643 518 cinguntur.
676 454 770 504 Contra'

98 523 210 576 veterani,
228 521 508 569 ordmrbrmaesubsrdus
503 522 621 569 instructi
640 521 693 567 bino
704 521 763 567 mili·

97 593 158 639 tum,
169 586 333 633 indelooorum
343 588 464 647 asperitas:
484 587 524 633 sed
541 602 587 633 non
604 587 700 639 animur,
716 598 762 631 non

98 666 159 711 spes,
171 665 201 695 ne
211 646 260 697 tela
266 651 396 716 quidem'
374 651 422 697 rusi
428 652 533 712 agrestia,
548 652 577 697 ad
587 652 685 697 subitum
696 664 762 697 urum

97 722 235 778 properata.
260 714 295 761 Ut
306 712 389 762 vendre
398 716 422 761 in
433 730 520 769 manus,
540 731 586 763 non
604 716 662 763 ultra
675 716 763 761 dubita·

98 788 158 833 tum,
169 795 236 840 quam
248 779 301 825 dum
313 779 426 827 Romanae
435 782 560 827 eob'ortes'
547 796 579 827 ιιι
590 794 688 841 aequum
690 780 762 825 enite-

97 851 194 891 rentur.
212 852 306 891 vertunt
323 852 390 907 terga
404 842 494 901 Cilices,
515 860 583 906 seque
599 844 769 892 omtelloeiaur

97 908 165 955 dunt.

132 970 256 1021 LXXXI.
273 972 368 1020 Interim
380 973 435 1021 Piso
445 975 546 1029 classem,
564 974 623 1023 baud
631 974 711 1035 procul
722 988 763 1034 op-⁴

94 1038 232 1100 perientem,
253 1039 383 1099 adpugnare
403 1038 488 1085 fnrstra
505 1040 616 1086 tentarit:
636 1052 764 1099 regressus·

96 1118 151 1164 que,
161 1110 185 1149 et
194 1118 236 1164 pro
242 1104 319 1156 muris,
328 1104 397 1151 modo
408 1111 481 1150 semet
491 1103 625 1157 afflictando,
637 1103 704 1149 modo
716 1103 763 1149 ain·

94 1168 168 1229 gulos
189 1168 281 1213 nomine
302 1168 375 1225 ciem,-
399 1168 498 1229 praemiis
519 1182 620 1223 vocene·
632 1167 764 1213 seditionem

95 1232 228 1294 eoeptabat3
244 1233 346 1292 adeoque
356 1240 517 1287 commoverat,
529 1240 553 1279 ut
564 1230 764 1293 signiferlegionir

95 1304 172 1344 sertae
188 1297 280 1359 signum
291 1297 320 1343 ad
339 1312 391 1343 eum
408 1298 554 1345 transtulerit.
592 1296 653 1345 Tum
674 1296 765 1343 Sentius

95 1376 209 1409 occanere
225 1375 311 1409 cornua
329 1362 444 1423 tubasque,
464 1370 488 1409 et
506 1363 551 1423 peti
570 1377 685 1424 aggerem,
707 1361 764 1421 erigi

95 1427 172 1474 scalas
183 1427 260 1489 jussit,
276 1442 303 1474 ao
313 1427 490 1487 promtissimum
506 1442 617 1488 quemque
629 1426 764 1482 succedere3

95 1492 156 1539 alios
167 1492 285 1537 tormentis
296 1493 378 1546 hastas,
389 1506 450 1547 saxa
463 1500 486 1539 et
495 1490 556 1539 faces
567 1492 679 1553 ingerere
700 1489 763 1536 Tan·

95 1557 151 1603 dem
162 1553 223 1601 victi
233 1554 357 1617 pertinacii
370 1554 425 1602 Piso
444 1557 523 1610 oravit,
541 1557 574 1603 uti
593 1556 679 1603 traditis
695 1554 763 1601 armis

94 1628 202 1667 maneret
212 1621 236 1667 in
247 1620 345 1675 castello,
357 1621 411 1667 dnm
422 1619 508 1675 Cesar,
524 1622 560 1667 cui
571 1620 660 1681 Syriam
671 1620 764 1682 permit·

95 1692 166 1740 teret,
188 1685 318 1733 comulitur.
352 1684 407 1732 Non
430 1692 527 1743 receptae
548 1686 775 1731 conditionesrnee‘

96 1750 168 1805 alind,
177 1765 245 1810 quam
252 1757 356 1797 nareset
365 1750 472 1797 tutumin
480 1749 567 1797 Urbem
577 1750 620 1797 iter
631 1754 765 1797 conoessum

95 1821 142 1863 est.

134 1877 271 1926 LXXXIL
290 1878 322 1927 At
332 1878 421 1935 Rome,
432 1887 551 1941 postquam
563 1878 694 1927 Germanioi
704 1878 767 1924 rele-

97 1944 156 1993 tudo
170 1946 302 2006 percrebuit,
322 1952 453 2006 cunctaque,
472 1944 689 2005 ut-exdonginquo,
703 1948 769 1991 aucta

97 2010 124 2056 in
136 2010 237 2055 deterius
247 2008 492 2064 afferebantur,·dolor‚
503 2010 558 2055 ire:
578 2016 602 2056 et
621 2008 768 2069 erumpebant

97 2081 210 2135 questus:
229 2072 286 2121 Ideo
304 2074 410 2121 nimirum
427 2075 451 2121 in
468 2081 580 2123 extremas
596 2072 766 2133 tmrssrrelega·

94 2138 230 2185 tumr-ideo
241 2137 321 2185 Pisoni
331 2139 463 2200 permissam
473 2139 627 2201 provinoiem:
641 2138 685 2185 hoo
692 2137 768 2200 egisse

97 2211 208 2251 secretos
223 2204 346 2265 Augustae.
356 2219 415 2251 cum·
428 2202 538 2252 Plancina
559 2218 688 2250 sermones:
713 2216 768 2249 vera

97 2283 194 2330 prorsus
213 2268 241 2313 de
260 2267 340 2315 Druso
351 2270 456 2315 seniores
460 2268 562 2316 locutos
582 2268 698 2329 dirplieere
713 2282 766 2328 reg

98 2333 206 2379 nantibus
216 2333 292 2379 civilia
300 2332 414 2379 filiorum
408 2334 515 2395 ingenim
532 2348 605 2393 neque
616 2334 645 2379 ob
656 2330 737 2379 aliud
731 2346 767 2377 rn-

11 2400 15 2405 ‘
100 2404 222 2459 tereeptor,
237 2413 305 2458 quam
319 2398 372 2459 quia
381 2398 489 2460 populum
501 2397 632 2445 Romanum
643 2412 708 2457 aequo
715 2410 769 2457 Jure

100 2463 229 2523 complecti,
249 2460 336 2509 reddita
344 2463 453 2517 bbertute‚
464 2463 606 2525 agitaverint.
640 2460 693 2507 Hos
703 2459 769 2520 vulgi

101 2542 220 2573 sermones
231 2527 306 2573 audita
316 2543 378 2574 mors
386 2528 449 2574 adeo
452 2528 559 2581 incendit,
571 2533 596 2572 ut
607 2533 659 2576 ante
669 2525 768 2571 edictum

65 2617 67 2625 ·
100 2590 283 2667 magistratuum,
301 2599 355 2638 ante
363 2591 602 2645 senatus-consultum
619 2598 693 2637 sumto
699 2586 769 2649 Just!

101 2656 142 2710 tio,
153 2656 311 2705 desererentur
324 2656 381 2714 fors,
399 2657 556 2705 clauderentur
572 2644 669 2711 domun
686 2651 773 2715 partim¹

134 2733 214 2768 roni.
566 2734 576 2765 ι
