1842 2909
81 102 203 145 son
230 67 233 71 ’
255 94 446 149 nunnutuu
463 94 670 147 macram.
736 102 766 147 us

105 226 220 279 Caesarem
231 230 329 285 ferenda,
340 232 385 277 rit:
405 244 478 289 neque
488 234 577 276 veteres
587 229 615 275 ab
624 228 765 289 imperatori·

104 295 146 343 bus
161 296 247 357 priscis,
263 310 335 356 neque
351 296 411 357 ipsos
427 310 440 341 a
454 294 508 340 divo
523 293 630 355 Augusto
646 300 692 339 tam
706 308 765 342 nova

103 360 223 421 petivisse:
248 368 271 406 et
281 374 359 422 parurn
369 361 391 405 iu
406 368 509 420 tempore
517 358 649 417 incipientes
659 358 765 420 principis

89 426 169 471 'curas
186 426 279 471 onerati.
312 424 336 471 si
348 432 422 470 tamen
434 423 552 475 tenderent
564 422 589 467 in
604 436 659 483 pace
669 428 763 478 tentare,

101 503 154 549 quae
166 504 195 551 ne
205 489 303 551 cirillum
320 489 408 549 quidem
422 487 531 533 beuomm
545 486 642 533 uictores
654 495 763 548 expostu-

100 553 210 610 laverint3
228 568 276 610 cur,
287 546 365 599 contri
375 566 460 600 morem
469 548 576 611 obsequii,
583 550 661 597 eontra
670 550 705 597 ias
716 552 762 598 dis·

100 618 197 680 ciplinre
208 616 416 664 rim‘moditeutur?
433 616 578 662 decernerent
588 616 681 678 legntos,
693 631 762 676 seque

101 696 178 727 ooram
189 682 293 729 mandata
301 682 385 729 darent.
418 677 586 733 declamarire,
593 680 683 726 utilius
691 678 762 727 Blaesi

100 746 204 793 ifrbtrnus
216 746 330 808 legatione
345 744 373 810 eb
385 744 524 807 iungeretur,
540 751 669 805 peteretque
684 745 762 791 militi·

100 810 144 858 bur
154 812 283 858 missionem
290 813 317 857 ab
324 810 419 857 sedecim
428 810 504 856 anuis:
523 818 605 855 cetere
611 809 761 865 mandaturos.

99 875 138 921 ubi
149 876 221 937 prima
230 876 391 937 provenissent.
423 872 530 921 Profecto
539 873 630 935 jurene,
647 874 760 920 modicum

98 939 187 987 otiumr
206 940 246 987 sed
256 941 368 1002 superbire
377 940 448 992 miles,
459 939 520 999 quod
529 938 588 985 lilius
598 938 674 999 legati,
686 946 762 985 orator

99 1004 196 1066 publice
206 1018 286 1058 oausae,
298 1006 352 1051 satia
360 1004 495 1055 ostenderet,
506 1004 638 1049 necessitate
648 1017 759 1065 expressa,

23 1127 26 1135 „
99 1082 153 1129 qure
163 1082 203 1131 per
212 1068 344 1116 modestiam
354 1084 400 1115 non
411 1068 566 1114 obtiuuisseut.

133 1132 193 1179 XX.
210 1131 300 1181 Interea
317 1133 430 1195 manipuli,
447 1139 500 1179 ante
514 1137 611 1193 ooeptarn
627 1130 758 1178 seditionem

99 1194 244 1259 Nauportum
255 1198 317 1245 missi
328 1193 451 1245 ob'itinera
466 1205 490 1243 et
504 1205 585 1259 pontes
595 1204 618 1243 et
632 1196 688 1243 alios
698 1211 759 1251 usus,

96 1271 217 1325 postquam
227 1264 339 1310 turbatum
355 1259 470 1309 incastris
482 1259 594 1323 occepere,
610 1260 693 1307 vexilla
704 1276 760 1306 con·

97 1327 202 1386 relluat;
225 1327 359 1389 direptisque
376 1327 484 1390 proximis
500 1326 563 1379 vicia,
582 1325 674 1387 ipsoque
693 1324 759 1372 Nau·

95 1399 170 1454 porto,
187 1392 247 1452 quod
257 1392 371 1455 municipii
381 1391 452 1438 instar
462 1398 516 1446 erat,
529 1390 651 1436 retinentes
661 1392 759 1437 centuri·

98 1471 155 1503 ones
165 1457 231 1503 irrisu
238 1464 261 1503 et
271 1456 417 1509 contumeliis,
428 1464 543 1517 postremo
550 1455 675 1501 verberibus
683 1454 758 1501 insec-

96 1528 185 1568 tautum
205 1519 316 1583 pitecipui
326 1522 350 1567 in
361 1519 505 1568 Aufidienum
516 1519 609 1573 Rufum,
626 1518 756 1581 prefectum

97 1592 230 1640 castrorum.
252 1584 293 1640 iri,
314 1600 380 1646 quem
399 1585 514 1645 dereptum
535 1583 645 1637 vehiculo,
665 1584 759 1632 uronis

95 1656 201 1712 gravam,
218 1658 333 1712 aguntque
343 1649 455 1711 primoin
471 1647 567 1710 agmine,
583 1662 623 1710 per
637 1648 755 1695 ludibrium

96 1716 231 1776 rogitantes,
242 1721 325 1761 antam
336 1716 446 1761 immensa
455 1726 531 1767 cuma
541 1720 587 1758 tam
597 1713 666 1774 longa
676 1712 757 1760 itinera

93 1778 191 1825 libenter
200 1777 284 1825 ferret?
302 1778 391 1841 Quippe
402 1777 484 1832 Rufius,
495 1777 533 1824 diu
543 1777 693 1838 manipularis,
704 1777 755 1823 dein

94 1844 205 1897 centurio,
216 1856 272 1890 mox
281 1844 360 1890 castris
370 1842 495 1905 praefectus,
509 1841 621 1901 uuquam
632 1842 756 1901 duramque

93 1906 197 1955 militiam
209 1908 335 1962 revocabat,
345 1916 410 1954 vetus
421 1908 494 1969 operis
504 1921 530 1953 ac
540 1905 628 1960 laboris,
639 1912 663 1951 et
672 1920 700 1952 eo
711 1905 754 1951 im·

92 1972 176 2026 mitior,
188 1973 242 2033 quis
252 1972 392 2019 toleraverat.

96 2039 104 2061 ’·
127 2032 201 2084 xxi.
218 2034 310 2083 Homm
328 2037 426 2086 adventu
444 2035 608 2097 redintegratur
624 2033 709 2088 seditio,
732 2040 756 2081 et

90 2101 146 2162 vagi
157 2100 302 2179 circuuqieota
310 2102 478 2163 populabantur.
510 2098 694 2161 Blaesuspaucos,
704 2113 754 2175 mm

63 2226 68 2235 '
90 2166 416 2285 {durbeerlddslacllbldlldallobde
421 2159 756 2292 lltffddmuabrmeetlddlmtumnllee:

89 2300 146 2357 gato
156 2310 172 2341 a
180 2295 349 2342 centurionibus
360 2302 383 2341 et
390 2295 475 2356 optimo
484 2308 575 2353 quoque
583 2292 754 2354 mauiptdarium

89 2360 218 2419 parebatur.
251 2357 288 2405 Illi
299 2360 369 2407 obniti
380 2358 525 2410 trabentibua.
540 2371 646 2419 prensare
656 2356 753 2401 circum·

90 2422 199 2471 anutium
221 2438 303 2485 genua,
325 2424 384 2471 ciere
403 2422 473 2469 ruodo
493 2423 584 2467 uomina
605 2420 754 2482 singulorum,

90 2484 158 2535 modo
169 2488 293 2535 centuriam
304 2489 404 2549 quisque,
420 2488 485 2549 eujus
492 2485 638 2548 manipunns
647 2491 701 2535 erat,
714 2496 753 2527 oo-

90 2552 185 2608 hortem,
196 2552 317 2614 legionem,
329 2552 415 2601 Eadem
427 2551 531 2598 omnibus
541 2550 663 2602 imminere,
675 2546 753 2592 clami·

91 2622 178 2674 tantem
196 2618 264 2666 simul
271 2619 351 2684 probra
360 2618 384 2666 in
392 2617 492 2681 legsttun
503 2614 625 2671 cumulant,
634 2610 718 2659 coelum
726 2620 752 2655 ac

120 2694 201 2730 vom.
542 2692 557 2727 c
