1842 2909
166 123 213 167 124
244 118 436 170 ANNALIUM
445 120 500 169 Lu.
509 119 558 171 111.
572 117 634 169 Car.
646 122 685 168 72.
713 122 832 167 ihc-lli·

164 250 207 311 pis,
226 264 293 310 quam
312 258 337 296 ut
355 251 496 297 dicebantur:
519 251 662 313 perstititque,
678 248 829 297 intercedere.

165 313 247 375 Capito
257 316 384 376 insignitior
393 314 485 361 insanit
494 314 543 369 fuit,
560 314 627 375 quod,
639 315 732 361 humani
742 312 828 361 divini·

162 380 496 491 fflfflffl'ffiepium
514 380 626 442 publicum
643 388 667 425 et
682 380 753 427 bonas
764 378 829 427 domi

275 461 290 489 0

195 506 291 553 LXXI.
307 507 404 556 Incessit
420 509 471 555 tlein
490 509 577 571 religio,
595 524 693 569 quonam
704 509 729 554 in
742 508 827 569 templo

161 571 281 619 locandum
290 572 349 621 soret
359 574 449 627 donum,
457 574 518 634 quod
526 590 566 634 pro
574 574 702 621 valetudine
709 572 828 634 Augusta

161 636 249 695 equites
265 637 363 685 Romani
381 649 491 685 voverant
508 637 613 699 Equestri
629 638 827 685 Fortunaernam

162 702 205 747 etsi
215 702 306 748 delubra
320 704 368 763 ejtra
381 702 442 749 Deae
451 703 523 749 multa
533 704 556 749 in
569 702 638 757 Urbe,
650 702 737 749 nullum
749 708 827 749 tamen

161 765 201 811 tali
216 776 366 827 wgmmento
385 774 439 814 erat.
479 767 604 829 Repertum
623 775 664 821 est,
683 766 757 813 sidem
776 780 828 811 esse

159 830 219 889 apud
232 830 334 884 Antium,
344 847 396 892 quae
406 832 439 877 sic
448 838 620 893 nuncuparetur,
631 838 769 890 cunctasque
780 845 825 877 cre·

160 893 267 942 timoniss
285 894 371 942 Italicis
380 896 404 941 in
414 896 507 957 oppidis,
526 897 652 959 templaque
666 902 690 941 et
704 894 825 941 numinum

160 957 254 1020 effigies,
262 961 320 1021 juris
332 969 398 1022 atque
407 962 494 1022 imperil
504 960 603 1008 Romani
613 976 676 1008 ease:
695 960 728 1005 itu
738 960 824 1005 donum

159 1024 219 1084 apud
230 1024 325 1072 Antium
335 1026 446 1073 statuitur.
477 1024 517 1080 Et,
534 1025 624 1086 quando
635 1026 662 1072 de
677 1024 825 1085 religionibus

159 1089 302 1144 tractabatur,
318 1090 410 1138 ‹lilstunr
420 1104 492 1151 nuper
503 1105 633 1151 responsum
644 1090 752 1137 adversus
768 1088 824 1135 Ser·

159 1152 222 1199 rium
233 1153 423 1216 Maluginensem,
433 1152 547 1201 flaminem
556 1154 653 1210 Dialem,
662 1154 758 1216 promsit
769 1149 824 1201 Gae·

157 1232 203 1271 aar,
215 1220 359 1279 recitavitque
368 1219 482 1267 decretum
496 1217 639 1280 pontificumr
658 1218 748 1278 quoties
757 1216 822 1263 vale·

159 1281 215 1327 tutio
229 1283 322 1329 adsunt
331 1282 443 1331 flantium
455 1282 547 1331 Dialem
557 1284 690 1337 incessisset,
702 1290 733 1336 ut,
745 1282 822 1343 ponti·

158 1343 208 1390 licis
218 1348 309 1393 maximi
325 1348 421 1404 arbitrio,
439 1348 567 1410 pluaquatn
576 1347 698 1395 binoctium
715 1348 821 1393 moret:

158 1408 213 1455 dnm
223 1424 253 1456 ne
260 1411 337 1458 diebus
347 1413 427 1473 publici
439 1412 547 1468 sacnflcii,
559 1428 603 1459 neu
615 1413 696 1475 saepius
707 1426 775 1472 quam
786 1410 822 1459 bia

158 1474 262 1520 eumdem
273 1476 301 1521 'in
315 1492 407 1524 annum.
440 1477 507 1535 Quae,
526 1478 626 1540 principe
642 1476 750 1539 Augusto
766 1490 823 1522 con·

156 1538 243 1594 stituta,
254 1541 308 1587 satis
319 1542 472 1597 obtendebant,
484 1557 580 1589 annuam
591 1542 722 1597 absentiam,
735 1546 759 1586 et
766 1555 821 1602 pro-

157 1603 280 1651 vinciarum
296 1606 509 1654 administrationem
529 1605 634 1653 Dialibus
652 1620 698 1651 non
709 1604 819 1651 concedi:

157 1670 364 1730 nanonboboque
379 1670 409 1717 L.
422 1671 519 1727 Metelli,
536 1669 648 1733 pontilicis
663 1669 762 1721 maximi,
777 1683 821 1725 ex·v

156 1732 262 1792 emplum,
274 1736 311 1794 qui
323 1734 408 1783 Aulum
420 1734 570 1791 Postumium,
584 1734 705 1788 flaminem,
716 1734 822 1781 attinuis-

156 1803 198 1843 aet.
222 1794 261 1843 Ita
271 1813 320 1845 sors
327 1799 391 1847 Asiae
401 1800 424 1847 in
435 1815 494 1855 eum,
505 1801 544 1861 qui
554 1799 705 1849 consularium
715 1796 821 1860 Malugi-

156 1861 221 1907 nensi
232 1863 348 1922 proximus
357 1870 412 1919 erat,
422 1864 511 1911 collata.
643 1898 646 1901 -

77 1963 80 1971 .
189 1924 298 1973 LXXII.
313 1925 397 1974 liudem
407 1928 485 1975 diebus
495 1927 595 1991 Lepidm
604 1930 632 1975 ab
642 1934 722 1977 oenttu
731 1926 821 1989 petivit,

155 1996 183 2037 ut
191 1990 303 2038 milicem
314 1990 386 2048 Pauli,
404 1992 499 2039 AEmilia
516 1994 659 2047 monimenta,
674 1989 765 2053 proprii
778 2007 820 2053 pe·

155 2053 222 2101 cunii
231 2054 330 2104 firmaret
338 2064 484 2117 ornaretque:
504 2064 550 2104 erat
567 2058 634 2105 etiam
649 2064 697 2103 tum
714 2058 740 2105 in
754 2071 820 2104 more

154 2119 243 2179 publica
257 2120 422 2168 munificentia:
441 2136 483 2168 nec
499 2120 618 2183 Augurtus
634 2128 734 2169 mouerat
753 2119 818 2167 Tau·

155 2197 212 2237 rum,
225 2183 358 2245 Philippum,
367 2185 471 2241 Balbum,
480 2186 572 2233 hostiles
582 2186 681 2241 exuvim,
693 2192 732 2232 aut
742 2199 817 2231 exuu-

155 2246 235 2293 duntes
250 2264 311 2310 opes,
329 2256 431 2297 orutbtm
444 2250 473 2297 acl
488 2251 548 2298 urbis
562 2258 585 2297 et
595 2249 710 2312 posterllm
720 2248 819 2311 gloriam

154 2311 271 2359 conferre:
289 2322 393 2375 quotum
404 2316 507 2377 exemplo
518 2314 628 2379 lepidus,
634 2328 768 2376 quamquam
775 2328 817 2375 pe·

154 2376 228 2422 cuniae
238 2377 345 2432 modicus,
361 2380 446 2425 avitum
456 2379 525 2428 decus
536 2380 635 2427 recoluit.
667 2379 701 2425 At
713 2376 818 2440 Pompeii

155 2439 273 2494 theatrum,
281 2442 335 2502 igne
343 2441 436 2489 fortuito
444 2444 555 2499 haustum,
565 2442 643 2493 caesar
649 2449 818 2501 exstructurum

153 2501 266 2563 pollicitus
276 2511 317 2557 est,
328 2506 388 2565 quod
399 2521 467 2554 nemo
477 2524 491 2555 e
500 2507 586 2556 samilii
596 2508 739 2555 restaurando
751 2506 816 2569 sulii·

152 2572 215 2611 reret
222 2581 231 2625 3
247 2575 352 2617 manente
361 2577 437 2619 tamen
451 2573 543 2621 nomine
552 2570 668 2637 Pompeii:
688 2572 755 2621 sinu
766 2571 818 2625 ltu-
