1842 2909
120 137 219 210 beton.
269 135 461 186 ANNALIUM
477 135 704 188 Lmv1.'csr.1a
738 139 784 188 los

121 266 232 314 nuntius:
251 267 344 314 Marino
359 269 475 330 participe,
492 267 586 332 Sejanus
601 266 706 318 Curtium
722 268 785 315 Atti·

122 345 176 377 cum
186 342 339 394 oppresseratz
358 348 404 393 qno
413 333 488 380 laetius
499 341 622 396 acceptum,
633 349 673 380 sua
683 333 791 395 exempla.

123 396 149 441 in
160 399 298 444 consultores
308 398 420 444 recidisse.

159 458 206 507 Per
222 463 281 508 idem
299 470 389 524 tempus
407 461 437 508 L
455 461 516 517 Piso,
537 462 644 526 pontifex,
664 477 739 510 rarum
761 463 785 514 in
878 513 880 517 ,

123 523 189 572 tants
198 526 338 582 claritudine,
345 527 394 573 fato
404 527 471 584 obiit;
483 527 565 574 nullibs
573 528 659 574 seruilis
667 525 786 574 sententie

123 596 206 650 sponte
223 598 307 646 auctor,
327 598 357 646 et,
376 593 464 652 quoties
479 594 599 639 necessitas
613 594 734 654 ingrueret,
749 607 786 638 sa-

123 654 212 716 pienter
225 657 351 704 moderans.
383 655 475 702 Patrem
491 657 511 703 si
522 657 647 704 censorium
658 657 727 704 fluisse
737 671 787 702 me-

123 719 227 766 moravi:
252 728 307 767 oetas
328 722 357 767 ad
375 722 538 783 octogesimum
561 735 644 768 annum
662 722 785 784 processitz

124 783 196 830 decus
206 785 338 846 triumphale
348 787 373 831 in
382 784 479 832 'lbraoii
490 794 612 834 meruerat:
628 787 667 834 ted
676 787 789 848 praecipua

125 862 158 894 ex
168 863 196 892 eo
204 849 282 910 gloria,
293 851 353 910 quod
362 849 482 912 praefectus
491 849 560 898 Urbis
568 864 647 898 recens
658 851 787 898 continuam

125 919 269 973 potestatem,
290 923 315 960 et
332 914 452 961 insolentii
471 916 563 976 parendi
579 913 712 976 graviorem,
732 915 789 960 mire

125 980 267 1038 temperavit

163 1040 210 1087 XI.
225 1043 330 1104 Namque
348 1050 421 1098 antea,
440 1042 547 1104 profectis
565 1045 632 1098 domo
649 1044 746 1106 regibus,
764 1057 790 1088 ao

128 1121 186 1153 mox
200 1108 372 1170 magistratibus,
390 1123 420 1154 ne
430 1107 493 1154 Urbs
506 1109 558 1161 ‚sine
576 1109 669 1170 imperio
685 1107 750 1161 foret,
766 1107 791 1152 in

129 1178 220 1232 tempus
231 1173 373 1234 deligebatur,
390 1173 428 1232 qui
437 1173 477 1234 jus
492 1172 600 1226 redderet,
618 1187 644 1218 ac
655 1172 732 1218 subitis
743 1185 791 1217 me·

129 1236 234 1282 deretur:
252 1236 372 1297 feruntque
381 1237 409 1282 ab
419 1236 520 1283 Romulo
531 1236 643 1283 Dentrem
650 1233 792 1293 Romulium,

129 1308 184 1362 post
191 1302 219 1346 ab
228 1300 297 1348 Tullo
309 1301 410 1348 Hostilio
418 1301 519 1348 Numam
531 1301 650 1355 Marcium,
663 1307 686 1348 et
694 1301 722 1347 ab
732 1297 791 1348 Tar·

130 1365 209 1426 quinio
221 1366 321 1427 Superbo
333 1366 438 1426 Spurium
449 1365 581 1414 Lucretium
591 1367 720 1428 impositos:
740 1365 793 1412 dein

130 1431 238 1476 consules
251 1431 397 1477 mandabant:
416 1431 526 1491 duratque
539 1432 690 1488 simulacrum,
706 1430 795 1491 quoties

131 1495 163 1542 ob
181 1495 247 1542 ferias
264 1494 362 1542 Latinas
374 1495 502 1558 praeficitur,
521 1497 559 1557 qni
579 1496 694 1542 consulare
706 1507 795 1546 ,munus

130 1557 795 1622 u

288 1657 295 1679 l
512 1657 519 1679 l
830 1674 833 1682 r

131 1697 201 1750 atque
217 1688 304 1736 ltaliam
320 1690 449 1753 praeposuit.
482 1689 549 1745 Mox,
567 1704 640 1736 rerum
654 1689 747 1751 potitus,
766 1687 813 1753 obx

132 1755 312 1816 magnitudinem
323 1754 406 1816 populi,
418 1770 443 1802 ac
454 1754 517 1800 tortia
526 1755 603 1816 legum
615 1753 703 1808 auxilia,
715 1751 796 1798 sumsit

132 1835 147 1866 e
157 1819 318 1873 consularibus,
329 1821 367 1880 qui
377 1819 491 1866 coemeret
501 1819 597 1874 servitia,
609 1831 632 1866 et
642 1818 702 1879 quod
712 1816 796 1863 civium

133 1883 229 1929 audacib
239 1884 358 1938 turbidum,
369 1883 412 1930 uisi
421 1885 468 1929 rim
478 1890 575 1930 mmuut:
593 1885 722 1945 primusque
730 1880 797 1928 Met·

134 1948 183 1996 mla
193 1946 308 1995 &trinus
320 1963 370 1994 eam
384 1955 526 2009 potestatem,
540 1956 563 1994 et
577 1961 660 2008 paucos
674 1949 733 1993 intra
749 1943 797 1990 dies
825 1989 828 1996 ,

133 2011 210 2068 finem,
225 2013 317 2074 accepit,
331 2014 394 2073 quasi
405 2013 494 2059 nescius
503 2013 631 2059 exercendi.
662 2009 723 2057 Tum
734 2007 797 2054 Tau·

133 2093 174 2124 rus
185 2078 293 2131 Statilius,
304 2092 437 2138 quamquam
449 2076 556 2138 provectis
567 2083 640 2131 aetate,
656 2073 750 2136 egregie
760 2080 797 2120 to·

70 2150 74 2160 ¹
133 2141 222 2189 lerevit.
255 2141 318 2188 Dein
336 2139 398 2196 Piso,
414 2142 495 2202 viginti
511 2157 550 2203 per
566 2155 638 2188 annos
652 2140 734 2202 pariter
744 2153 798 2200 pro·

132 2207 207 2261 batos,
223 2206 312 2267 publico
328 2205 414 2261 funere,
432 2221 461 2252 ax
478 2206 568 2252 decreto
587 2206 685 2260 senatis,
700 2202 797 2250 celebra·

133 2276 173 2318 tus
181 2278 222 2318 est.
311 2305 314 2308 ⁴

169 2333 230 2381 XII.
247 2335 355 2381 Relatum
370 2335 423 2381 intle
439 2335 467 2380 ad
482 2343 556 2395 patres
570 2333 743 2388 sQuintiliano,
760 2331 800 2378 tri·

135 2402 198 2448 buno
208 2401 286 2462 plebei,
298 2401 326 2446 de
335 2400 392 2445 libro
404 2399 505 2459 Sibyllae,
521 2413 587 2460 quem
600 2395 709 2446 Caninius
721 2397 802 2444 Gallus

137 2465 339 2527 quindecimvirum
353 2465 421 2525 recipi
436 2465 495 2511 inter
509 2471 604 2512 caeteros
621 2463 719 2526 ejusdem
735 2461 801 2513 vatis,

110 2532 112 2537 '
138 2529 235 2577 eteitle
245 2529 516 2583 retentatis-consultum,
528 2529 690 2591 postulaverat:
709 2537 802 2590 quoper

139 2595 300 2642 discessionem
310 2594 379 2650 facto,
396 2594 458 2640 misit
471 2593 546 2640 literas
562 2591 647 2646 Cesar,
664 2590 751 2637 modice
762 2587 803 2646 trif

138 2660 226 2707 bunum
241 2660 367 2722 increpans,
383 2659 488 2722 ignarum
499 2659 583 2719 antiqui
598 2657 667 2704 mon'a
681 2655 710 2701 nb
719 2653 803 2714 juven·
