1842 2909
102 132 162 177 J·.0·
171 136 205 181 1⁹³
246 130 450 187 ‚ANNALIUM
467 130 565 189 lull·
577 130 637 183 ΟΛ».
647 136 687 181 68.
736 134 769 183 '19

108 273 178 321 posse
185 277 239 314 ‚eum
248 262 387 313 innoeentioe
398 262 481 310 fidere:
495 269 601 309 caeterum
614 276 686 324 neque
697 276 722 309 se
733 276 773 311 ne-

108 340 155 386 que
165 336 274 382 motum,
286 330 328 375 nisi
340 326 432 390 cogniti
441 326 515 381 causi,
523 329 562 390 jus
573 336 596 373 et
606 328 709 390 injurium
726 328 773 377 dis·

106 398 223 438 cretums:
243 394 342 453 proinde,
362 394 444 439 tradito
455 390 538 454 Cotye,
555 394 649 447 veniret,
665 392 773 439 transser-

104 462 186 516 retque
197 458 303 503 iuvidiam
314 458 421 504 criminis.
454 457 502 505 Ees
512 458 588 504 literas
599 456 703 504 Latinius
711 456 773 504 Pan·

102 519 156 575 slus,
174 531 298 583 pmpraetor
309 522 408 579 Messe,
424 538 480 569 num
499 522 611 577 militibus,
631 519 682 582 quis
700 520 773 583 Cotys

105 585 239 640 traderetur,
258 589 281 633 ln
297 586 418 634 'lhmcism
436 588 505 634 misit.
537 586 697 648 Rhescuporis,
714 588 773 633 inter

104 656 194 696 metum
205 652 295 699 etirsm
313 659 439 705 cunctatus,
456 652 536 699 maluit
553 652 632 711 pstrsti
652 666 718 712 quun
735 652 772 697 in·

102 715 167 778 ,cepti
177 714 284 762 facinoris
294 732 345 764 reus
363 732 427 763 esse:
448 716 519 763 occidi
531 714 608 775 Cotyn
620 716 692 778 jubet,
710 731 771 763 mor·

104 784 200 839 musque
211 790 291 841 sponte
302 789 398 828 sumtum
410 782 538 828 ementitur.
565 780 616 827 Nec
628 789 702 828 temen
716 779 770 829 Cae-

105 858 145 889 sar
154 844 247 905 piscius
258 847 328 892 semel
337 855 397 893 artes
407 846 518 903 mutavit3
536 845 581 899 scd,
594 844 699 895 defuncto
709 844 770 893 Pen-

104 908 144 963 do,
155 924 223 968 quem
234 911 275 957 sibi
285 910 398 958 infensum
409 911 563 971 Rhescuporis
574 911 688 971 arguebat,
700 910 770 957 Pom·

103 974 200 1034 ponium
216 973 330 1029 Flaccum,
346 983 447 1023 veterem
465 975 580 1036 stipendiIs
599 982 621 1020 et
638 973 700 1021 arctis
718 990 770 1021 cum

103 1050 162 1098 rege
172 1039 276 1095 amicitii,
284 1056 357 1101 eoque
367 1040 592 1087 accommodatiorem
603 1038 632 1085 od
641 1037 771 1096 fallendum,

102 1103 135 1147 ob
146 1103 170 1149 id
180 1105 279 1151 maxime
289 1104 383 1151 Moesiae
392 1104 501 1167 presserit.

138 1165 248 1220 van.
265 1168 359 1215 hlsccus
378 1171 401 1216 in
413 1169 534 1215 Thracium
551 1174 712 1229 transgressus,
729 1182 770 1229 per

102 1231 208 1293 ingentia
218 1234 333 1294 promisse,
345 1236 447 1294 quamvis
457 1234 588 1294 ambiguum
599 1240 622 1279 et
633 1232 718 1279 scelera
726 1246 770 1280 sua

101 1304 254 1358 reputantem,
273 1300 376 1360 perpulit,
395 1308 421 1345 ut
438 1298 543 1359 praesidis
553 1297 658 1344 Romans
668 1298 769 1345 intraret.

101 1358 251 1410 circumdata
261 1364 313 1409 hinc
324 1365 380 1425 regi,
392 1365 466 1425 specie
476 1363 574 1416 honoris,
585 1362 659 1409 valida
669 1378 765 1417 monus:
786 1380 789 1385 ·

99 1426 232 1487 tribunique
244 1435 269 1474 et
290 1429 438 1484 centuriones,
461 1426 580 1483 monendo,
600 1428 720 1481 suadendo,
737 1435 768 1483 et,

96 1499 188 1551 quanto
198 1493 290 1555 longius
300 1494 464 1547 sbsoedebstur,
476 1494 586 1555 apertiore
596 1490 703 1546 custodii,
714 1508 767 1553 pos·

97 1562 177 1609 trenno
191 1571 287 1618 gmrum
298 1558 438 1605 necessitatis
454 1559 478 1603 in
491 1556 577 1604 Urbem
589 1554 684 1603 tmxire.
718 1557 767 1603 Ac·

96 1628 194 1674 cusatus
214 1624 239 1669 in
259 1630 340 1670 senatu
357 1624 385 1670 ab
404 1638 475 1669 uxore
493 1620 580 1682 Cotyis,
600 1622 724 1677 damnetur,
742 1628 768 1675 ut

98 1686 181 1746 procul
199 1702 272 1748 regno
282 1695 402 1734 teneretur.
435 1686 533 1734 Thracio
550 1688 573 1731 in
593 1685 766 1735 Rhoemetalcen

97 1750 181 1805 lilium,
192 1767 259 1811 quem
270 1753 369 1814 psteruis
379 1752 478 1799 consiliis
489 1752 630 1799 adversatum
642 1752 766 1806 constabat,

98 1815 171 1877 inque
181 1816 263 1863 liberos
274 1814 356 1877 Cotyis
366 1818 488 1863 dividitur:
507 1817 579 1876 iisque
590 1812 690 1862 nontlhm
702 1815 766 1873 ndul-

99 1880 139 1934 tis,
150 1879 307 1928 Trebellienus
316 1881 399 1937 Rufus,
410 1881 510 1943 prseturi
519 1880 617 1938 functus,
638 1880 709 1935 datur,
726 1881 765 1941 qui

97 1959 198 2006 regnum
220 1947 308 1992 interim
327 1952 443 2002 -trsctaret,
465 1946 575 2007 exemplo,
603 1960 648 2005 quo
670 1946 766 2007 majores

96 2009 208 2056 Murcum
231 2008 349 2072 lepidum
376 2010 495 2057 Ptolemaei
516 2011 591 2057 liberis
612 2016 718 2064 tutorem,
741 2010 765 2055 in

94 2074 230 2136 AEgyptum
242 2076 355 2122 miserant.
386 2075 541 2137 Rhescuporis
552 2073 712 2121 Alexandriam
724 2073 766 2121 de-

95 2147 186 2193 vectus,
207 2147 274 2199 utque
284 2141 335 2196 illic,
353 2140 430 2202 fugem
441 2148 538 2197 teuteus,
558 2154 586 2187 nn
597 2137 652 2185 hoto
662 2139 765 2195 crimine,

94 2202 239 2251 interficitur.

129 2266 254 2315 LXVIII,
266 2268 381 2316 Periclem
392 2277 481 2332 tempus
492 2268 609 2325 Vonones,
620 2284 687 2330 quem
698 2282 763 2315 mno-

92 2341 145 2380 tum
157 2334 181 2379 in
192 2330 296 2381 Ciliciam
305 2336 436 2388 memoravi,
453 2334 564 2395 corruptis
575 2333 710 2391 custodibus,
728 2332 763 2381 ef·

93 2398 178 2461 fugere
189 2398 218 2444 sd
228 2398 356 2455 Armenios,
368 2400 420 2446 inde
430 2399 455 2454 in
467 2398 568 2446 Albanos
577 2398 762 2459 Heniochosque,

93 2471 120 2519 ¹et
138 2464 333 2525 consanguineum
351 2465 393 2511 sibi
411 2479 491 2526 regem
508 2464 649 2525 Scytharum,
669 2470 764 2513 conatus

93 2536 139 2586 est,
172 2528 253 2589 Specie
265 2530 370 2584 venundi,
389 2529 479 2576 omissis
497 2528 614 2575 maritimis
632 2527 694 2581 locis,
710 2528 763 2583 ,aria

93 2595 195 2648 saltuum
206 2594 284 2657 petiit:
303 2610 358 2641 mox
368 2595 500 2657 pernicitate
511 2594 564 2655 equi
574 2593 602 2649 ad
611 2606 700 2641 amntem
712 2589 761 2649 Py,-

91 2674 183 2723 ramum
190 2658 312 2720 contendit,
323 2662 387 2723 cujus
398 2667 480 2735 poptes
495 2658 579 2733 occulte
590 2663 702 2721 ruperant,
714 2667 761 2712 pu-
