<?xml version="1.0" encoding="UTF-8"?>
<!DOCTYPE html PUBLIC "-//W3C//DTD XHTML 1.0 Transitional//EN"
    "http://www.w3.org/TR/xhtml1/DTD/xhtml1-transitional.dtd">
<html xmlns="http://www.w3.org/1999/xhtml" xml:lang="en" lang="en">
 <head>
  <title>
</title>
<meta http-equiv="Content-Type" content="text/html;charset=utf-8" />
  <meta name='ocr-system' content='tesseract 3.04.00' />
  <meta name='ocr-capabilities' content='ocr_page ocr_carea ocr_par ocr_line ocrx_word'/>
</head>
<body>
  <div class='ocr_page' id='page_1' title='image "./opera01obergoog_0014.png"; bbox 0 0 1842 2909; ppageno 0'>
   <div class='ocr_carea' id='block_1_1' title="bbox 153 83 815 281">
    <p class='ocr_par' dir='ltr' id='par_1_1' title="bbox 153 83 815 281">
     <span class='ocr_line' id='line_1_1' title="bbox 154 83 815 137; baseline 0.002 -2"><span class='ocrx_word' id='word_1_1' title='bbox 154 95 171 135; x_wconf 79' lang='lat'>4</span> <span class='ocrx_word' id='word_1_2' title='bbox 251 84 441 135; x_wconf 76' lang='lat' dir='ltr'>ANNALIUM</span> <span class='ocrx_word' id='word_1_3' title='bbox 457 83 645 137; x_wconf 66' lang='lat' dir='ltr'>Lauerna</span> <span class='ocrx_word' id='word_1_4' title='bbox 696 88 815 137; x_wconf 61' lang='grc' dir='ltr'>Μιῖᾶῖ·</span> 
     </span>
     <span class='ocr_line' id='line_1_2' title="bbox 153 216 815 281; baseline 0 -16"><span class='ocrx_word' id='word_1_5' title='bbox 153 218 208 265; x_wconf 88' lang='lat' dir='ltr'>tudo</span> <span class='ocrx_word' id='word_1_6' title='bbox 218 216 331 281; x_wconf 54' lang='lat' dir='ltr'>Augusti:</span> <span class='ocrx_word' id='word_1_7' title='bbox 350 224 374 265; x_wconf 85' lang='lat' dir='ltr'>et</span> <span class='ocrx_word' id='word_1_8' title='bbox 383 217 473 278; x_wconf 81' lang='lat' dir='ltr'>quidam</span> <span class='ocrx_word' id='word_1_9' title='bbox 480 217 553 264; x_wconf 80' lang='lat' dir='ltr'>soclus</span> <span class='ocrx_word' id='word_1_10' title='bbox 561 217 638 264; x_wconf 89' lang='lat' dir='ltr'>uxoris</span> <span class='ocrx_word' id='word_1_11' title='bbox 648 216 815 277; x_wconf 58' lang='lat' dir='ltr'>ammentant.</span> 
     </span>
    </p>
   </div>
   <div class='ocr_carea' id='block_1_2' title="bbox 87 280 816 2661">
    <p class='ocr_par' dir='ltr' id='par_1_2' title="bbox 152 280 816 1423">
     <span class='ocr_line' id='line_1_3' title="bbox 155 280 814 345; baseline 0 -18"><span class='ocrx_word' id='word_1_12' title='bbox 155 280 244 345; x_wconf 76' lang='lat' dir='ltr'>Quippe</span> <span class='ocrx_word' id='word_1_13' title='bbox 260 297 336 328; x_wconf 87' lang='lat' dir='ltr'>rumor</span> <span class='ocrx_word' id='word_1_14' title='bbox 350 282 477 337; x_wconf 77' lang='lat' dir='ltr'>incesserat,</span> <span class='ocrx_word' id='word_1_15' title='bbox 493 297 577 343; x_wconf 76' lang='lat' dir='ltr'>paucos</span> <span class='ocrx_word' id='word_1_16' title='bbox 592 289 644 329; x_wconf 77' lang='lat' dir='ltr'>ante</span> <span class='ocrx_word' id='word_1_17' title='bbox 658 296 747 327; x_wconf 85' lang='lat' dir='ltr'>menses</span> <span class='ocrx_word' id='word_1_18' title='bbox 760 280 814 328; x_wconf 79' lang='lat' dir='ltr'>Au·</span> 
     </span>
     <span class='ocr_line' id='line_1_4' title="bbox 153 345 813 409; baseline 0.002 -18"><span class='ocrx_word' id='word_1_19' title='bbox 153 354 252 409; x_wconf 84' lang='lat' dir='ltr'>gustum,</span> <span class='ocrx_word' id='word_1_20' title='bbox 264 348 340 393; x_wconf 87' lang='lat' dir='ltr'>electis</span> <span class='ocrx_word' id='word_1_21' title='bbox 351 346 452 401; x_wconf 84' lang='lat' dir='ltr'>consciis,</span> <span class='ocrx_word' id='word_1_22' title='bbox 468 353 493 392; x_wconf 86' lang='lat' dir='ltr'>et</span> <span class='ocrx_word' id='word_1_23' title='bbox 502 347 585 393; x_wconf 79' lang='lat' dir='ltr'><strong>comite</strong></span> <span class='ocrx_word' id='word_1_24' title='bbox 595 362 640 392; x_wconf 91' lang='lat' dir='ltr'>uno</span> <span class='ocrx_word' id='word_1_25' title='bbox 651 345 721 392; x_wconf 83' lang='lat' dir='ltr'>Fabio</span> <span class='ocrx_word' id='word_1_26' title='bbox 732 345 813 393; x_wconf 87' lang='lat' dir='ltr'>Maxi·</span> 
     </span>
     <span class='ocr_line' id='line_1_5' title="bbox 153 408 814 473; baseline 0 -16"><span class='ocrx_word' id='word_1_27' title='bbox 153 426 198 465; x_wconf 87' lang='lat' dir='ltr'>mo,</span> <span class='ocrx_word' id='word_1_28' title='bbox 207 408 332 457; x_wconf 78' lang='lat' dir='ltr'><strong>Planasiam</strong></span> <span class='ocrx_word' id='word_1_29' title='bbox 341 421 430 458; x_wconf 80' lang='lat' dir='ltr'>vectum</span> <span class='ocrx_word' id='word_1_30' title='bbox 437 411 466 457; x_wconf 84' lang='lat' dir='ltr'>ad</span> <span class='ocrx_word' id='word_1_31' title='bbox 472 412 589 457; x_wconf 85' lang='lat' dir='ltr'>visendum</span> <span class='ocrx_word' id='word_1_32' title='bbox 596 411 732 473; x_wconf 78' lang='lat' dir='ltr'>Agrippam:</span> <span class='ocrx_word' id='word_1_33' title='bbox 752 410 814 458; x_wconf 90' lang='lat' dir='ltr'>mul·</span> 
     </span>
     <span class='ocr_line' id='line_1_6' title="bbox 153 475 814 537; baseline 0 -16"><span class='ocrx_word' id='word_1_34' title='bbox 153 481 188 521; x_wconf 81' lang='lat' dir='ltr'>tss</span> <span class='ocrx_word' id='word_1_35' title='bbox 199 476 243 521; x_wconf 88' lang='lat' dir='ltr'>illic</span> <span class='ocrx_word' id='word_1_36' title='bbox 254 478 364 536; x_wconf 85' lang='lat' dir='ltr'>utrimque</span> <span class='ocrx_word' id='word_1_37' title='bbox 375 476 487 535; x_wconf 84' lang='lat' dir='ltr'>lacrymas</span> <span class='ocrx_word' id='word_1_38' title='bbox 497 483 520 521; x_wconf 87' lang='lat' dir='ltr'>et</span> <span class='ocrx_word' id='word_1_39' title='bbox 531 476 596 537; x_wconf 79' lang='lat' dir='ltr'>signa</span> <span class='ocrx_word' id='word_1_40' title='bbox 606 475 720 531; x_wconf 85' lang='lat' dir='ltr'>caritatis;</span> <span class='ocrx_word' id='word_1_41' title='bbox 737 490 814 536; x_wconf 87' lang='lat' dir='ltr'>spem-</span> 
     </span>
     <span class='ocr_line' id='line_1_7' title="bbox 153 538 812 601; baseline 0 -16"><span class='ocrx_word' id='word_1_42' title='bbox 153 554 198 601; x_wconf 83' lang='lat' dir='ltr'>que</span> <span class='ocrx_word' id='word_1_43' title='bbox 209 554 237 585; x_wconf 82' lang='lat' dir='ltr'>ex</span> <span class='ocrx_word' id='word_1_44' title='bbox 248 556 282 593; x_wconf 85' lang='lat' dir='ltr'>eo,</span> <span class='ocrx_word' id='word_1_45' title='bbox 298 540 347 586; x_wconf 84' lang='lat' dir='ltr'>fore</span> <span class='ocrx_word' id='word_1_46' title='bbox 357 549 381 587; x_wconf 90' lang='lat' dir='ltr'>ut</span> <span class='ocrx_word' id='word_1_47' title='bbox 391 540 483 601; x_wconf 87' lang='lat' dir='ltr'>juvenis</span> <span class='ocrx_word' id='word_1_48' title='bbox 492 538 608 601; x_wconf 84' lang='lat' dir='ltr'>penatr&#39;but</span> <span class='ocrx_word' id='word_1_49' title='bbox 618 540 654 586; x_wconf 83' lang='lat' dir='ltr'>tri</span> <span class='ocrx_word' id='word_1_50' title='bbox 666 540 812 585; x_wconf 78' lang='lat' dir='ltr'>redderetur:</span> 
     </span>
     <span class='ocr_line' id='line_1_8' title="bbox 153 602 811 665; baseline -0.002 -15"><span class='ocrx_word' id='word_1_51' title='bbox 153 604 212 665; x_wconf 84' lang='lat' dir='ltr'>quod</span> <span class='ocrx_word' id='word_1_52' title='bbox 222 604 349 651; x_wconf 78' lang='lat' dir='ltr'>Maximum</span> <span class='ocrx_word' id='word_1_53' title='bbox 357 604 421 649; x_wconf 81' lang='lat' dir='ltr'>uxori</span> <span class='ocrx_word' id='word_1_54' title='bbox 428 604 523 651; x_wconf 76' lang='lat' dir='ltr'>Marciae</span> <span class='ocrx_word' id='word_1_55' title='bbox 530 605 647 665; x_wconf 85' lang='lat' dir='ltr'>aperuisse,</span> <span class='ocrx_word' id='word_1_56' title='bbox 655 604 714 650; x_wconf 81' lang='lat' dir='ltr'>illam</span> <span class='ocrx_word' id='word_1_57' title='bbox 722 602 811 650; x_wconf 74' lang='lat' dir='ltr'>Liviae:</span> 
     </span>
     <span class='ocr_line' id='line_1_9' title="bbox 153 666 815 729; baseline 0.003 -16"><span class='ocrx_word' id='word_1_58' title='bbox 153 682 250 729; x_wconf 79' lang='lat' dir='ltr'>gnarum</span> <span class='ocrx_word' id='word_1_59' title='bbox 272 668 294 713; x_wconf 85' lang='lat' dir='ltr'>id</span> <span class='ocrx_word' id='word_1_60' title='bbox 316 666 415 715; x_wconf 77' lang='lat' dir='ltr'>Caesarit</span> <span class='ocrx_word' id='word_1_61' title='bbox 440 683 513 727; x_wconf 85' lang='lat' dir='ltr'>neque</span> <span class='ocrx_word' id='word_1_62' title='bbox 534 669 606 714; x_wconf 90' lang='lat' dir='ltr'>multo</span> <span class='ocrx_word' id='word_1_63' title='bbox 627 676 678 729; x_wconf 89' lang='lat' dir='ltr'>post</span> <span class='ocrx_word' id='word_1_64' title='bbox 700 669 815 716; x_wconf 82' lang='lat' dir='ltr'>exstineto</span> 
     </span>
     <span class='ocr_line' id='line_1_10' title="bbox 154 730 814 795; baseline 0.002 -16"><span class='ocrx_word' id='word_1_65' title='bbox 154 732 265 787; x_wconf 86' lang='lat' dir='ltr'>Maximo,</span> <span class='ocrx_word' id='word_1_66' title='bbox 283 732 383 795; x_wconf 87' lang='lat' dir='ltr'>(dubium</span> <span class='ocrx_word' id='word_1_67' title='bbox 396 747 424 777; x_wconf 85' lang='lat' dir='ltr'>an</span> <span class='ocrx_word' id='word_1_68' title='bbox 435 730 530 791; x_wconf 78' lang='lat' dir='ltr'>quaesitri</span> <span class='ocrx_word' id='word_1_69' title='bbox 546 730 630 791; x_wconf 93' lang='lat' dir='ltr'>morte)</span> <span class='ocrx_word' id='word_1_70' title='bbox 643 732 730 780; x_wconf 89' lang='lat' dir='ltr'>auditos</span> <span class='ocrx_word' id='word_1_71' title='bbox 740 733 763 779; x_wconf 85' lang='lat' dir='ltr'>in</span> <span class='ocrx_word' id='word_1_72' title='bbox 774 733 814 780; x_wconf 82' lang='lat' dir='ltr'>su·</span> 
     </span>
     <span class='ocr_line' id='line_1_11' title="bbox 152 796 815 858; baseline 0.003 -16"><span class='ocrx_word' id='word_1_73' title='bbox 152 812 207 843; x_wconf 85' lang='lat' dir='ltr'>nere</span> <span class='ocrx_word' id='word_1_74' title='bbox 226 798 273 857; x_wconf 87' lang='lat' dir='ltr'>ejus</span> <span class='ocrx_word' id='word_1_75' title='bbox 288 796 382 842; x_wconf 86' lang='lat' dir='ltr'>Marciae</span> <span class='ocrx_word' id='word_1_76' title='bbox 400 796 505 857; x_wconf 87' lang='lat' dir='ltr'>gemitus,</span> <span class='ocrx_word' id='word_1_77' title='bbox 522 804 593 842; x_wconf 88' lang='lat' dir='ltr'>semet</span> <span class='ocrx_word' id='word_1_78' title='bbox 605 798 735 851; x_wconf 73' lang='lat' dir='ltr'>incusantis,</span> <span class='ocrx_word' id='word_1_79' title='bbox 751 798 815 858; x_wconf 88' lang='lat' dir='ltr'>quod</span> 
     </span>
     <span class='ocr_line' id='line_1_12' title="bbox 154 858 813 919; baseline 0.002 -11"><span class='ocrx_word' id='word_1_80' title='bbox 154 877 220 909; x_wconf 86' lang='lat' dir='ltr'>eausa</span> <span class='ocrx_word' id='word_1_81' title='bbox 231 862 291 907; x_wconf 84' lang='lat' dir='ltr'>exitii</span> <span class='ocrx_word' id='word_1_82' title='bbox 304 861 383 908; x_wconf 86' lang='lat' dir='ltr'>marito</span> <span class='ocrx_word' id='word_1_83' title='bbox 394 861 480 905; x_wconf 83' lang='lat' dir='ltr'>fuisset.</span> <span class='ocrx_word' id='word_1_84' title='bbox 512 858 643 919; x_wconf 82' lang='lat' dir='ltr'>Utcumque</span> <span class='ocrx_word' id='word_1_85' title='bbox 653 878 678 907; x_wconf 86' lang='lat' dir='ltr'>sc</span> <span class='ocrx_word' id='word_1_86' title='bbox 688 877 715 908; x_wconf 85' lang='lat' dir='ltr'>ea</span> <span class='ocrx_word' id='word_1_87' title='bbox 725 877 761 909; x_wconf 87' lang='lat' dir='ltr'>res</span> <span class='ocrx_word' id='word_1_88' title='bbox 772 863 813 909; x_wconf 79' lang='lat' dir='ltr'>lm·</span> 
     </span>
     <span class='ocr_line' id='line_1_13' title="bbox 152 923 816 987; baseline 0 -15"><span class='ocrx_word' id='word_1_89' title='bbox 152 926 207 978; x_wconf 75' lang='lat' dir='ltr'>buit,</span> <span class='ocrx_word' id='word_1_90' title='bbox 224 925 316 972; x_wconf 86' lang='lat' dir='ltr'>vixdum</span> <span class='ocrx_word' id='word_1_91' title='bbox 327 926 441 985; x_wconf 82' lang='lat' dir='ltr'>ingressus</span> <span class='ocrx_word' id='word_1_92' title='bbox 458 923 575 984; x_wconf 84' lang='lat' dir='ltr'>Illyricum</span> <span class='ocrx_word' id='word_1_93' title='bbox 586 924 695 979; x_wconf 71' lang='lat' dir='ltr'>rliberius,</span> <span class='ocrx_word' id='word_1_94' title='bbox 711 928 816 987; x_wconf 83' lang='lat' dir='ltr'>properis</span> 
     </span>
     <span class='ocr_line' id='line_1_14' title="bbox 153 990 814 1052; baseline 0.005 -17"><span class='ocrx_word' id='word_1_95' title='bbox 153 990 231 1035; x_wconf 84' lang='lat' dir='ltr'>matris</span> <span class='ocrx_word' id='word_1_96' title='bbox 249 990 319 1035; x_wconf 88' lang='lat' dir='ltr'>literis</span> <span class='ocrx_word' id='word_1_97' title='bbox 338 990 431 1036; x_wconf 79' lang='lat' dir='ltr'>accitur:</span> <span class='ocrx_word' id='word_1_98' title='bbox 454 1004 527 1050; x_wconf 82' lang='lat' dir='ltr'>neque</span> <span class='ocrx_word' id='word_1_99' title='bbox 543 990 597 1035; x_wconf 85' lang='lat' dir='ltr'>satis</span> <span class='ocrx_word' id='word_1_100' title='bbox 613 1000 750 1052; x_wconf 80' lang='lat' dir='ltr'>compertum</span> <span class='ocrx_word' id='word_1_101' title='bbox 770 999 814 1045; x_wconf 88' lang='lat' dir='ltr'>est,</span> 
     </span>
     <span class='ocr_line' id='line_1_15' title="bbox 154 1054 813 1117; baseline 0.005 -18"><span class='ocrx_word' id='word_1_102' title='bbox 154 1056 274 1117; x_wconf 81' lang='lat' dir='ltr'>spirantem</span> <span class='ocrx_word' id='word_1_103' title='bbox 285 1054 356 1101; x_wconf 88' lang='lat' dir='ltr'>adhuc</span> <span class='ocrx_word' id='word_1_104' title='bbox 368 1054 498 1117; x_wconf 81' lang='lat' dir='ltr'>Augustum</span> <span class='ocrx_word' id='word_1_105' title='bbox 513 1054 572 1116; x_wconf 81' lang='lat' dir='ltr'>apud</span> <span class='ocrx_word' id='word_1_106' title='bbox 587 1056 662 1101; x_wconf 88' lang='lat' dir='ltr'>urbem</span> <span class='ocrx_word' id='word_1_107' title='bbox 675 1054 767 1111; x_wconf 87' lang='lat' dir='ltr'>Nolam,</span> <span class='ocrx_word' id='word_1_108' title='bbox 783 1071 813 1102; x_wconf 89' lang='lat' dir='ltr'>an</span> 
     </span>
     <span class='ocr_line' id='line_1_16' title="bbox 154 1120 811 1181; baseline 0.002 -16"><span class='ocrx_word' id='word_1_109' title='bbox 154 1121 279 1166; x_wconf 79' lang='lat' dir='ltr'>exanimem</span> <span class='ocrx_word' id='word_1_110' title='bbox 296 1120 415 1181; x_wconf 85' lang='lat' dir='ltr'>repererit:</span> <span class='ocrx_word' id='word_1_111' title='bbox 434 1120 521 1165; x_wconf 83' lang='lat' dir='ltr'>acribus</span> <span class='ocrx_word' id='word_1_112' title='bbox 536 1134 632 1179; x_wconf 85' lang='lat' dir='ltr'>namque</span> <span class='ocrx_word' id='word_1_113' title='bbox 647 1120 753 1180; x_wconf 78' lang='lat' dir='ltr'>custodiis</span> <span class='ocrx_word' id='word_1_114' title='bbox 770 1121 811 1166; x_wconf 87' lang='lat' dir='ltr'>do-</span> 
     </span>
     <span class='ocr_line' id='line_1_17' title="bbox 154 1180 814 1243; baseline 0.003 -14"><span class='ocrx_word' id='word_1_115' title='bbox 154 1199 216 1229; x_wconf 87' lang='lat' dir='ltr'>mum</span> <span class='ocrx_word' id='word_1_116' title='bbox 228 1192 251 1230; x_wconf 91' lang='lat' dir='ltr'>et</span> <span class='ocrx_word' id='word_1_117' title='bbox 261 1185 309 1229; x_wconf 88' lang='lat' dir='ltr'>vias</span> <span class='ocrx_word' id='word_1_118' title='bbox 317 1190 414 1243; x_wconf 82' lang='lat' dir='ltr'>sepserat</span> <span class='ocrx_word' id='word_1_119' title='bbox 425 1180 504 1228; x_wconf 86' lang='lat' dir='ltr'>Livia:</span> <span class='ocrx_word' id='word_1_120' title='bbox 523 1183 612 1243; x_wconf 85' lang='lat' dir='ltr'>laetique</span> <span class='ocrx_word' id='word_1_121' title='bbox 620 1184 730 1231; x_wconf 83' lang='lat' dir='ltr'>interdum</span> <span class='ocrx_word' id='word_1_122' title='bbox 739 1186 814 1231; x_wconf 85' lang='lat' dir='ltr'>nuntii</span> 
     </span>
     <span class='ocr_line' id='line_1_18' title="bbox 154 1247 812 1310; baseline 0 -15"><span class='ocrx_word' id='word_1_123' title='bbox 154 1249 308 1309; x_wconf 86' lang='lat' dir='ltr'>vulgabantur,</span> <span class='ocrx_word' id='word_1_124' title='bbox 326 1247 403 1300; x_wconf 88' lang='lat' dir='ltr'>donec,</span> <span class='ocrx_word' id='word_1_125' title='bbox 419 1248 515 1307; x_wconf 88' lang='lat' dir='ltr'>provisis</span> <span class='ocrx_word' id='word_1_126' title='bbox 528 1262 581 1307; x_wconf 85' lang='lat' dir='ltr'>quae</span> <span class='ocrx_word' id='word_1_127' title='bbox 596 1255 684 1310; x_wconf 90' lang='lat' dir='ltr'>tempus</span> <span class='ocrx_word' id='word_1_128' title='bbox 699 1250 812 1306; x_wconf 85' lang='lat' dir='ltr'>monebat,</span> 
     </span>
     <span class='ocr_line' id='line_1_19' title="bbox 154 1312 813 1375; baseline 0.002 -16"><span class='ocrx_word' id='word_1_129' title='bbox 154 1312 221 1359; x_wconf 70' lang='lat' dir='ltr'>mmul</span> <span class='ocrx_word' id='word_1_130' title='bbox 232 1312 353 1359; x_wconf 72' lang='lat' dir='ltr'>excessisse</span> <span class='ocrx_word' id='word_1_131' title='bbox 362 1312 492 1373; x_wconf 76' lang='lat' dir='ltr'>Augustum</span> <span class='ocrx_word' id='word_1_132' title='bbox 500 1322 524 1359; x_wconf 85' lang='lat' dir='ltr'>et</span> <span class='ocrx_word' id='word_1_133' title='bbox 531 1328 604 1359; x_wconf 89' lang='lat' dir='ltr'>rerum</span> <span class='ocrx_word' id='word_1_134' title='bbox 612 1314 679 1375; x_wconf 87' lang='lat' dir='ltr'>potiri</span> <span class='ocrx_word' id='word_1_135' title='bbox 687 1312 813 1370; x_wconf 82' lang='lat' dir='ltr'>Neronem,</span> 
     </span>
     <span class='ocr_line' id='line_1_20' title="bbox 154 1373 370 1423; baseline 0.005 -2"><span class='ocrx_word' id='word_1_136' title='bbox 154 1373 214 1423; x_wconf 80' lang='lat' dir='ltr'>fama</span> <span class='ocrx_word' id='word_1_137' title='bbox 224 1376 300 1422; x_wconf 89' lang='lat' dir='ltr'>eadem</span> <span class='ocrx_word' id='word_1_138' title='bbox 313 1376 370 1423; x_wconf 87' lang='lat' dir='ltr'>tulit.</span> 
     </span>
    </p>

    <p class='ocr_par' dir='ltr' id='par_1_3' title="bbox 87 1440 815 2661">
     <span class='ocr_line' id='line_1_21' title="bbox 187 1440 813 1503; baseline 0.005 -17"><span class='ocrx_word' id='word_1_139' title='bbox 187 1440 232 1486; x_wconf 88' lang='lat' dir='ltr'>vl.</span> <span class='ocrx_word' id='word_1_140' title='bbox 248 1440 348 1487; x_wconf 87' lang='lat' dir='ltr'>Primum</span> <span class='ocrx_word' id='word_1_141' title='bbox 356 1441 443 1488; x_wconf 81' lang='lat' dir='ltr'>facinus</span> <span class='ocrx_word' id='word_1_142' title='bbox 451 1443 504 1489; x_wconf 82' lang='lat' dir='ltr'>novi</span> <span class='ocrx_word' id='word_1_143' title='bbox 514 1442 650 1503; x_wconf 64' lang='lat' dir='ltr'>principatus</span> <span class='ocrx_word' id='word_1_144' title='bbox 657 1442 699 1489; x_wconf 85' lang='lat' dir='ltr'>suit</span> <span class='ocrx_word' id='word_1_145' title='bbox 708 1441 813 1489; x_wconf 88' lang='lat' dir='ltr'>Postumi</span> 
     </span>
     <span class='ocr_line' id='line_1_22' title="bbox 87 1504 813 1569; baseline 0.003 -18"><span class='ocrx_word' id='word_1_146' title='bbox 87 1560 91 1567; x_wconf 28' lang='grc' dir='ltr'>ι</span> <span class='ocrx_word' id='word_1_147' title='bbox 154 1504 264 1567; x_wconf 77' lang='lat' dir='ltr'>Agrippae</span> <span class='ocrx_word' id='word_1_148' title='bbox 274 1507 362 1563; x_wconf 83' lang='lat' dir='ltr'>caedes;</span> <span class='ocrx_word' id='word_1_149' title='bbox 378 1522 444 1567; x_wconf 90' lang='lat' dir='ltr'>quem</span> <span class='ocrx_word' id='word_1_150' title='bbox 455 1508 558 1568; x_wconf 85' lang='lat' dir='ltr'>ignarum</span> <span class='ocrx_word' id='word_1_151' title='bbox 569 1507 723 1568; x_wconf 86' lang='lat' dir='ltr'>inermumque</span> <span class='ocrx_word' id='word_1_152' title='bbox 733 1523 813 1569; x_wconf 90' lang='lat' dir='ltr'>quam·</span> 
     </span>
     <span class='ocr_line' id='line_1_23' title="bbox 153 1570 814 1632; baseline 0.003 -16"><span class='ocrx_word' id='word_1_153' title='bbox 153 1571 189 1616; x_wconf 87' lang='lat' dir='ltr'>vis</span> <span class='ocrx_word' id='word_1_154' title='bbox 200 1570 299 1617; x_wconf 80' lang='lat' dir='ltr'>firmatus</span> <span class='ocrx_word' id='word_1_155' title='bbox 311 1572 385 1617; x_wconf 88' lang='lat' dir='ltr'>auimo</span> <span class='ocrx_word' id='word_1_156' title='bbox 396 1574 497 1619; x_wconf 85' lang='lat' dir='ltr'>centurio</span> <span class='ocrx_word' id='word_1_157' title='bbox 508 1586 569 1632; x_wconf 82' lang='lat' dir='ltr'>aegre</span> <span class='ocrx_word' id='word_1_158' title='bbox 580 1571 683 1617; x_wconf 75' lang='lat' dir='ltr'>confecit.</span> <span class='ocrx_word' id='word_1_159' title='bbox 711 1571 776 1617; x_wconf 87' lang='lat' dir='ltr'>Nihil</span> <span class='ocrx_word' id='word_1_160' title='bbox 784 1573 814 1619; x_wconf 88' lang='lat' dir='ltr'>de</span> 
     </span>
     <span class='ocr_line' id='line_1_24' title="bbox 154 1634 815 1698; baseline 0.003 -17"><span class='ocrx_word' id='word_1_161' title='bbox 154 1634 182 1681; x_wconf 78' lang='lat' dir='ltr'>erl</span> <span class='ocrx_word' id='word_1_162' title='bbox 193 1651 216 1681; x_wconf 91' lang='lat' dir='ltr'>re</span> <span class='ocrx_word' id='word_1_163' title='bbox 227 1634 330 1682; x_wconf 86' lang='lat' dir='ltr'>Tiberius</span> <span class='ocrx_word' id='word_1_164' title='bbox 344 1636 401 1698; x_wconf 85' lang='lat' dir='ltr'>apud</span> <span class='ocrx_word' id='word_1_165' title='bbox 416 1643 517 1681; x_wconf 72' lang='lat' dir='ltr'>senmum</span> <span class='ocrx_word' id='word_1_166' title='bbox 533 1636 648 1681; x_wconf 87' lang='lat' dir='ltr'>disseruit:</span> <span class='ocrx_word' id='word_1_167' title='bbox 667 1637 736 1697; x_wconf 85' lang='lat' dir='ltr'>patris</span> <span class='ocrx_word' id='word_1_168' title='bbox 746 1638 815 1696; x_wconf 81' lang='lat' dir='ltr'>jussa</span> 
     </span>
     <span class='ocr_line' id='line_1_25' title="bbox 153 1699 814 1761; baseline 0.002 -14"><span class='ocrx_word' id='word_1_169' title='bbox 153 1699 277 1755; x_wconf 78' lang='lat' dir='ltr'>simulabat,</span> <span class='ocrx_word' id='word_1_170' title='bbox 300 1702 378 1760; x_wconf 85' lang='lat' dir='ltr'>quibus</span> <span class='ocrx_word' id='word_1_171' title='bbox 394 1700 565 1761; x_wconf 71' lang='lat' dir='ltr'>praescripsisset</span> <span class='ocrx_word' id='word_1_172' title='bbox 586 1700 681 1753; x_wconf 86' lang='lat' dir='ltr'>tribuno,</span> <span class='ocrx_word' id='word_1_173' title='bbox 704 1702 814 1749; x_wconf 87' lang='lat' dir='ltr'>custodiae</span> 
     </span>
     <span class='ocr_line' id='line_1_26' title="bbox 153 1765 815 1826; baseline 0.002 -15"><span class='ocrx_word' id='word_1_174' title='bbox 153 1766 260 1825; x_wconf 79' lang='lat' dir='ltr'>apposito,</span> <span class='ocrx_word' id='word_1_175' title='bbox 280 1780 309 1811; x_wconf 86' lang='lat' dir='ltr'>ne</span> <span class='ocrx_word' id='word_1_176' title='bbox 327 1772 469 1810; x_wconf 86' lang='lat' dir='ltr'>cunctaretur</span> <span class='ocrx_word' id='word_1_177' title='bbox 488 1765 611 1826; x_wconf 78' lang='lat' dir='ltr'>Agrippum</span> <span class='ocrx_word' id='word_1_178' title='bbox 628 1772 702 1811; x_wconf 90' lang='lat' dir='ltr'>morte</span> <span class='ocrx_word' id='word_1_179' title='bbox 717 1766 815 1821; x_wconf 76' lang='lat' dir='ltr'>afficere,</span> 
     </span>
     <span class='ocr_line' id='line_1_27' title="bbox 154 1828 813 1891; baseline 0.003 -16"><span class='ocrx_word' id='word_1_180' title='bbox 154 1830 286 1889; x_wconf 86' lang='lat' dir='ltr'>quandoque</span> <span class='ocrx_word' id='word_1_181' title='bbox 296 1829 344 1891; x_wconf 87' lang='lat' dir='ltr'>ipse</span> <span class='ocrx_word' id='word_1_182' title='bbox 354 1844 482 1890; x_wconf 87' lang='lat' dir='ltr'>supremum</span> <span class='ocrx_word' id='word_1_183' title='bbox 493 1830 551 1874; x_wconf 75' lang='lat' dir='ltr'>diem</span> <span class='ocrx_word' id='word_1_184' title='bbox 563 1828 703 1889; x_wconf 82' lang='lat' dir='ltr'>explevisset.</span> <span class='ocrx_word' id='word_1_185' title='bbox 736 1829 813 1877; x_wconf 87' lang='lat' dir='ltr'>Multa</span> 
     </span>
     <span class='ocr_line' id='line_1_28' title="bbox 154 1892 813 1953; baseline -0.002 -12"><span class='ocrx_word' id='word_1_186' title='bbox 154 1894 202 1941; x_wconf 81' lang='lat' dir='ltr'>siue</span> <span class='ocrx_word' id='word_1_187' title='bbox 209 1894 274 1939; x_wconf 92' lang='lat' dir='ltr'>dubio</span> <span class='ocrx_word' id='word_1_188' title='bbox 283 1908 385 1953; x_wconf 79' lang='lat' dir='ltr'>saevaque</span> <span class='ocrx_word' id='word_1_189' title='bbox 395 1892 514 1953; x_wconf 82' lang='lat' dir='ltr'>Augustus</span> <span class='ocrx_word' id='word_1_190' title='bbox 521 1894 548 1938; x_wconf 93' lang='lat' dir='ltr'>de</span> <span class='ocrx_word' id='word_1_191' title='bbox 560 1892 658 1939; x_wconf 71' lang='lat' dir='ltr'>mortius</span> <span class='ocrx_word' id='word_1_192' title='bbox 665 1894 813 1941; x_wconf 83' lang='lat' dir='ltr'>adolescentis</span> 
     </span>
     <span class='ocr_line' id='line_1_29' title="bbox 153 1957 811 2018; baseline 0.002 -15"><span class='ocrx_word' id='word_1_193' title='bbox 153 1966 252 2018; x_wconf 88' lang='lat' dir='ltr'>questus,</span> <span class='ocrx_word' id='word_1_194' title='bbox 264 1964 289 2003; x_wconf 87' lang='lat' dir='ltr'>ut</span> <span class='ocrx_word' id='word_1_195' title='bbox 299 1958 400 2004; x_wconf 84' lang='lat' dir='ltr'>exsilium</span> <span class='ocrx_word' id='word_1_196' title='bbox 408 1957 455 2017; x_wconf 81' lang='lat' dir='ltr'>ejus</span> <span class='ocrx_word' id='word_1_197' title='bbox 466 1957 671 2003; x_wconf 74' lang='lat' dir='ltr'>senatuis-consulto</span> <span class='ocrx_word' id='word_1_198' title='bbox 682 1959 811 2014; x_wconf 76' lang='lat' dir='ltr'>sanciretur,</span> 
     </span>
     <span class='ocr_line' id='line_1_30' title="bbox 153 2022 813 2083; baseline -0.006 -16"><span class='ocrx_word' id='word_1_199' title='bbox 153 2022 288 2083; x_wconf 68' lang='lat' dir='ltr'>perfecerat:</span> <span class='ocrx_word' id='word_1_200' title='bbox 308 2029 414 2069; x_wconf 81' lang='lat' dir='ltr'>caeterum</span> <span class='ocrx_word' id='word_1_201' title='bbox 430 2022 453 2065; x_wconf 92' lang='lat' dir='ltr'>in</span> <span class='ocrx_word' id='word_1_202' title='bbox 465 2022 547 2067; x_wconf 89' lang='lat' dir='ltr'>nullius</span> <span class='ocrx_word' id='word_1_203' title='bbox 558 2036 655 2081; x_wconf 88' lang='lat' dir='ltr'>unquam</span> <span class='ocrx_word' id='word_1_204' title='bbox 670 2037 761 2068; x_wconf 84' lang='lat' dir='ltr'>suorum</span> <span class='ocrx_word' id='word_1_205' title='bbox 773 2038 813 2068; x_wconf 85' lang='lat' dir='ltr'>ne.</span> 
     </span>
     <span class='ocr_line' id='line_1_31' title="bbox 154 2086 813 2147; baseline 0 -14"><span class='ocrx_word' id='word_1_206' title='bbox 154 2103 203 2133; x_wconf 89' lang='lat' dir='ltr'>cem</span> <span class='ocrx_word' id='word_1_207' title='bbox 221 2088 319 2142; x_wconf 87' lang='lat' dir='ltr'>duravit;</span> <span class='ocrx_word' id='word_1_208' title='bbox 336 2102 408 2147; x_wconf 89' lang='lat' dir='ltr'>neque</span> <span class='ocrx_word' id='word_1_209' title='bbox 425 2093 520 2131; x_wconf 88' lang='lat' dir='ltr'>mortem</span> <span class='ocrx_word' id='word_1_210' title='bbox 539 2086 614 2147; x_wconf 86' lang='lat' dir='ltr'>nepoti</span> <span class='ocrx_word' id='word_1_211' title='bbox 632 2100 673 2147; x_wconf 93' lang='lat' dir='ltr'>pro</span> <span class='ocrx_word' id='word_1_212' title='bbox 692 2088 813 2134; x_wconf 83' lang='lat' dir='ltr'>securitate</span> 
     </span>
     <span class='ocr_line' id='line_1_32' title="bbox 152 2148 812 2213; baseline 0.003 -17"><span class='ocrx_word' id='word_1_213' title='bbox 152 2152 249 2213; x_wconf 83' lang='lat' dir='ltr'>privigni</span> <span class='ocrx_word' id='word_1_214' title='bbox 260 2150 349 2205; x_wconf 86' lang='lat' dir='ltr'>illatam,</span> <span class='ocrx_word' id='word_1_215' title='bbox 365 2149 469 2195; x_wconf 83' lang='lat' dir='ltr'>credibile</span> <span class='ocrx_word' id='word_1_216' title='bbox 479 2157 534 2195; x_wconf 88' lang='lat' dir='ltr'>erat.</span> <span class='ocrx_word' id='word_1_217' title='bbox 560 2148 656 2211; x_wconf 89' lang='lat' dir='ltr'>Propius</span> <span class='ocrx_word' id='word_1_218' title='bbox 666 2164 727 2203; x_wconf 83' lang='lat' dir='ltr'>vero,</span> <span class='ocrx_word' id='word_1_219' title='bbox 743 2150 812 2198; x_wconf 81' lang='lat' dir='ltr'>Tibe-</span> 
     </span>
     <span class='ocr_line' id='line_1_33' title="bbox 153 2212 812 2272; baseline 0.002 -11"><span class='ocrx_word' id='word_1_220' title='bbox 153 2217 210 2263; x_wconf 91' lang='lat' dir='ltr'>rium</span> <span class='ocrx_word' id='word_1_221' title='bbox 222 2231 247 2263; x_wconf 89' lang='lat' dir='ltr'>ac</span> <span class='ocrx_word' id='word_1_222' title='bbox 259 2212 354 2269; x_wconf 83' lang='lat' dir='ltr'>Liuiam,</span> <span class='ocrx_word' id='word_1_223' title='bbox 365 2214 428 2260; x_wconf 89' lang='lat' dir='ltr'>illurn</span> <span class='ocrx_word' id='word_1_224' title='bbox 436 2222 505 2268; x_wconf 91' lang='lat' dir='ltr'>metu,</span> <span class='ocrx_word' id='word_1_225' title='bbox 516 2216 573 2261; x_wconf 87' lang='lat' dir='ltr'>hanc</span> <span class='ocrx_word' id='word_1_226' title='bbox 584 2214 738 2262; x_wconf 79' lang='lat' dir='ltr'>novercalibus</span> <span class='ocrx_word' id='word_1_227' title='bbox 748 2217 812 2272; x_wconf 89' lang='lat' dir='ltr'>odiis,</span> 
     </span>
     <span class='ocr_line' id='line_1_34' title="bbox 152 2277 813 2341; baseline -0.002 -15"><span class='ocrx_word' id='word_1_228' title='bbox 152 2280 250 2340; x_wconf 88' lang='lat' dir='ltr'>suspecti</span> <span class='ocrx_word' id='word_1_229' title='bbox 262 2286 284 2325; x_wconf 88' lang='lat' dir='ltr'>et</span> <span class='ocrx_word' id='word_1_230' title='bbox 295 2280 359 2325; x_wconf 86' lang='lat' dir='ltr'>invisi</span> <span class='ocrx_word' id='word_1_231' title='bbox 366 2279 457 2341; x_wconf 81' lang='lat' dir='ltr'>juvenis</span> <span class='ocrx_word' id='word_1_232' title='bbox 468 2277 553 2325; x_wconf 75' lang='lat' dir='ltr'>cadem</span> <span class='ocrx_word' id='word_1_233' title='bbox 562 2278 710 2325; x_wconf 84' lang='lat' dir='ltr'>festinavisse.</span> <span class='ocrx_word' id='word_1_234' title='bbox 743 2280 813 2326; x_wconf 89' lang='lat' dir='ltr'>Nun-</span> 
     </span>
     <span class='ocr_line' id='line_1_35' title="bbox 152 2342 814 2405; baseline 0.003 -15"><span class='ocrx_word' id='word_1_235' title='bbox 152 2345 216 2391; x_wconf 86' lang='lat' dir='ltr'>tisnti</span> <span class='ocrx_word' id='word_1_236' title='bbox 227 2344 356 2397; x_wconf 84' lang='lat' dir='ltr'>centurioni,</span> <span class='ocrx_word' id='word_1_237' title='bbox 374 2352 399 2389; x_wconf 88' lang='lat' dir='ltr'>ut</span> <span class='ocrx_word' id='word_1_238' title='bbox 411 2358 461 2388; x_wconf 91' lang='lat' dir='ltr'>mos</span> <span class='ocrx_word' id='word_1_239' title='bbox 475 2343 567 2396; x_wconf 85' lang='lat' dir='ltr'>militiae,</span> <span class='ocrx_word' id='word_1_240' title='bbox 584 2342 668 2389; x_wconf 81' lang='lat' dir='ltr'>factum</span> <span class='ocrx_word' id='word_1_241' title='bbox 679 2359 736 2397; x_wconf 86' lang='lat' dir='ltr'>esse,</span> <span class='ocrx_word' id='word_1_242' title='bbox 752 2346 814 2405; x_wconf 89' lang='lat' dir='ltr'>quod</span> 
     </span>
     <span class='ocr_line' id='line_1_36' title="bbox 152 2404 813 2469; baseline 0.003 -16"><span class='ocrx_word' id='word_1_243' title='bbox 152 2407 288 2469; x_wconf 71' lang='lat' dir='ltr'>impetisset,</span> <span class='ocrx_word' id='word_1_244' title='bbox 305 2424 377 2468; x_wconf 87' lang='lat' dir='ltr'>neque</span> <span class='ocrx_word' id='word_1_245' title='bbox 391 2404 511 2467; x_wconf 67' lang='lat' dir='ltr'>imperasse</span> <span class='ocrx_word' id='word_1_246' title='bbox 526 2422 582 2459; x_wconf 86' lang='lat' dir='ltr'>sese,</span> <span class='ocrx_word' id='word_1_247' title='bbox 599 2414 622 2453; x_wconf 91' lang='lat' dir='ltr'>et</span> <span class='ocrx_word' id='word_1_248' title='bbox 636 2408 744 2453; x_wconf 86' lang='lat' dir='ltr'>rationem</span> <span class='ocrx_word' id='word_1_249' title='bbox 759 2409 813 2455; x_wconf 86' lang='lat' dir='ltr'>faeti</span> 
     </span>
     <span class='ocr_line' id='line_1_37' title="bbox 152 2470 812 2533; baseline 0.005 -17"><span class='ocrx_word' id='word_1_250' title='bbox 152 2472 285 2517; x_wconf 87' lang='lat' dir='ltr'>reddendam</span> <span class='ocrx_word' id='word_1_251' title='bbox 302 2472 360 2531; x_wconf 88' lang='lat' dir='ltr'>apud</span> <span class='ocrx_word' id='word_1_252' title='bbox 375 2478 484 2523; x_wconf 88' lang='lat' dir='ltr'>senatum,</span> <span class='ocrx_word' id='word_1_253' title='bbox 506 2470 627 2531; x_wconf 87' lang='lat' dir='ltr'>respoudit.</span> <span class='ocrx_word' id='word_1_254' title='bbox 659 2470 729 2525; x_wconf 87' lang='lat' dir='ltr'>Quod</span> <span class='ocrx_word' id='word_1_255' title='bbox 748 2480 812 2533; x_wconf 88' lang='lat' dir='ltr'>post·</span> 
     </span>
     <span class='ocr_line' id='line_1_38' title="bbox 152 2532 812 2598; baseline 0.006 -19"><span class='ocrx_word' id='word_1_256' title='bbox 152 2550 219 2593; x_wconf 90' lang='lat' dir='ltr'>quam</span> <span class='ocrx_word' id='word_1_257' title='bbox 232 2533 348 2580; x_wconf 84' lang='lat' dir='ltr'>Sallustius</span> <span class='ocrx_word' id='word_1_258' title='bbox 358 2532 456 2594; x_wconf 87' lang='lat' dir='ltr'>Crispus,</span> <span class='ocrx_word' id='word_1_259' title='bbox 467 2536 577 2595; x_wconf 85' lang='lat' dir='ltr'>particeps</span> <span class='ocrx_word' id='word_1_260' title='bbox 588 2543 731 2589; x_wconf 86' lang='lat' dir='ltr'>secretorum,</span> <span class='ocrx_word' id='word_1_261' title='bbox 744 2538 775 2598; x_wconf 86' lang='lat' dir='ltr'>(is</span> <span class='ocrx_word' id='word_1_262' title='bbox 783 2538 812 2583; x_wconf 82' lang='lat' dir='ltr'>ad</span> 
     </span>
     <span class='ocr_line' id='line_1_39' title="bbox 152 2589 812 2661; baseline 0.008 -17"><span class='ocrx_word' id='word_1_263' title='bbox 152 2598 264 2645; x_wconf 87' lang='lat' dir='ltr'>tribunum</span> <span class='ocrx_word' id='word_1_264' title='bbox 274 2599 364 2647; x_wconf 87' lang='lat' dir='ltr'>miserat</span> <span class='ocrx_word' id='word_1_265' title='bbox 375 2595 499 2658; x_wconf 81' lang='lat' dir='ltr'>codicillos)</span> <span class='ocrx_word' id='word_1_266' title='bbox 515 2599 624 2661; x_wconf 90' lang='lat' dir='ltr'>comperit</span> <span class='ocrx_word' id='word_1_267' title='bbox 628 2614 638 2656; x_wconf 80' lang='lat'>3</span> <span class='ocrx_word' id='word_1_268' title='bbox 654 2589 764 2657; x_wconf 79' lang='lat' dir='ltr'>metuens,</span> <span class='ocrx_word' id='word_1_269' title='bbox 782 2616 812 2649; x_wconf 85' lang='lat' dir='ltr'>ue</span> 
     </span>
    </p>
   </div>
   <div class='ocr_carea' id='block_1_3' title="bbox 0 0 926 2909">
    <p class='ocr_par' dir='ltr' id='par_1_4' title="bbox 0 0 926 2909">
     <span class='ocr_line' id='line_1_40' title="bbox 0 0 926 2909; baseline 0 0"><span class='ocrx_word' id='word_1_270' title='bbox 0 0 926 2909; x_wconf 95' lang='lat' dir='ltr'> </span> 
     </span>
    </p>
   </div>
  </div>
 </body>
</html>
