1842 2909
86 148 108 187 J·
117 147 142 185 C·
153 150 185 186 14.
239 144 431 194 ANNALIUM
439 142 527 193 ‘Lu-I.
544 143 652 194 canto.
718 148 748 193 st

90 283 141 330 tuor
161 276 250 337 propior
266 276 324 337 epod
342 274 497 323 Pannoniam:
515 274 554 322 ille
566 274 691 324 Galliarum
701 276 752 335 opi·

88 340 130 387 bns
142 342 256 395 subnixus,
264 342 300 387 hic
307 337 380 387 Italiae
388 342 520 387 imminens:
540 356 597 401 quos
606 341 677 401 igitur
686 347 750 385 ante·

88 404 177 451 ferret?
194 421 226 459 ac,
243 420 272 451 ne
286 406 404 467 postpositi
420 404 556 452 contumelii
573 405 751 451 incenderentur.

88 470 122 516 At
130 484 170 531 per
181 469 239 515 filios
252 471 334 531 puriter
342 470 405 523 odiri,
416 472 533 533 majestate
543 468 618 526 αἰνὴ
636 471 672 515 cui
682 470 753 530 major

88 534 237 596 e·loriginquo
255 536 389 582 reverentis:
409 536 476 581 simui
490 535 667 583 adolescentibus
682 544 751 581 excu-

88 607 169 655 satum,
186 600 289 660 quaednm
305 600 333 646 sd
348 608 433 659 petrem
450 600 556 674 rejicere:
576 601 751 659 resistentesque

90 665 229 713 Germanico
244 670 282 711 aut
298 663 377 711 Druso
389 676 458 725 posse
472 679 486 711 s
499 680 525 711 se
541 664 647 727 mitigeri,
662 663 700 710 vel
714 664 750 709 in·

86 729 172 789 iringi:
191 729 252 789 quod
269 729 329 777 aliud
344 730 473 784 subsidium,
484 730 503 775 si
513 730 670 791 impertitorem
688 744 751 789 spre-

87 793 194 840 vissent?
229 792 349 848 Caeterum,
372 800 397 839 ut
414 795 463 855 jem
481 794 574 855 jamque
595 795 673 848 iturus,
695 793 752 854 legit

88 859 192 913 comites,
210 859 344 917 conquisivit
359 858 523 920 impedimento,
537 859 653 905 edomuit
668 872 749 905 naves:

88 936 145 969 mox
155 924 251 969 hiemem
262 931 302 969 sut
312 924 403 985 negotis
413 923 474 969 varie
488 930 598 977 csusuus,
613 924 685 985 primo
696 937 750 983 pru·

88 988 176 1041 dentes,
188 988 239 1034 dein
252 988 351 1049 vulgum,
364 988 488 1035 diutissime
497 988 623 1049 provincius
631 988 719 1034 fefellit

120 1050 242 1099 XLVIII.
260 1054 293 1099 At
312 1052 467 1107 Germanicus,
486 1064 620 1113 quemquem
636 1058 752 1098 contracto

87 1118 196 1170 exercitu,
208 1125 231 1163 et
241 1114 317 1179 porstd
328 1118 350 1162 in
361 1116 486 1163 defectores
496 1116 590 1173 ultione,
601 1117 699 1163 dandum
709 1116 749 1161 ed·

80 1183 133 1243 ‘huc
145 1183 239 1243 spatium
252 1189 320 1236 ratus,
332 1182 350 1227 si
365 1183 448 1229 recenti
464 1182 567 1243 exemplo
584 1181 680 1241 sibiipsi
695 1194 751 1225 con·

88 1246 195 1301 suierent,
206 1248 322 1309 praemittit
329 1247 404 1295 literas
414 1247 442 1293 nd
452 1244 577 1302 Csecintnr,
587 1246 665 1292 venire
675 1260 700 1292 se
711 1258 753 1291 uo·

86 1308 133 1357 iidd
147 1326 223 1366 manu,
240 1326 273 1365 sc,
290 1312 314 1357 ni
329 1312 460 1373 supplicium
477 1313 501 1357 in
516 1311 588 1358 msios
604 1315 749 1372 praesumant,

87 1388 182 1423 usurum
199 1374 326 1438 promiscui
347 1376 415 1423 caede.
448 1375 496 1423 Eos
515 1374 609 1423 Caecins
628 1374 750 1436 aquiliferis

87 1439 251 1501 signiferisque,
270 1448 294 1487 et
311 1440 371 1500 quod
387 1442 485 1487 maxime
500 1448 623 1488 nestrorum
639 1442 752 1487 sincom

87 1513 142 1559 erat,
154 1506 243 1551 occuito
253 1507 337 1559 recitat,
355 1512 423 1566 utque
433 1513 528 1552 cunctos
538 1504 643 1559 infamiae,
655 1520 680 1552 se
690 1506 752 1566 ipsos

87 1570 155 1616 morti
168 1570 273 1624 eximent,
282 1570 395 1617 hortatur:
415 1582 466 1619 [ιω
477 1571 500 1617 in
511 1584 566 1631 poce
579 1584 658 1617 csusss
667 1578 691 1616 et
701 1585 750 1617 me·

86 1634 130 1681 rite
136 1636 246 1695 spectari:
261 1635 491 1696 ubibellumingruut,
497 1635 752 1682 innoeentesscnorn'os

84 1699 151 1761 juxte
162 1700 248 1747 eadere.
281 1698 325 1753 liii,
344 1701 442 1754 tentetis,
459 1712 516 1761 qros
531 1698 624 1747 idoneos
639 1702 751 1753 rebantur.

86 1772 207 1825 postqum
216 1765 322 1825 majorem
330 1764 444 1825 legionum
452 1773 538 1825 portem
546 1766 569 1816 in
580 1765 655 1811 officio
665 1765 749 1819 vident,

88 1829 116 1875 de
123 1828 237 1875 sententie
246 1830 322 1890 legeti,
331 1836 433 1878 statuunt
443 1836 539 1891 tempus,
549 1845 594 1890 quo
601 1829 752 1877 foedissimum

88 1908 202 1954 quemque
228 1901 251 1939 et
277 1894 378 1941 seditioni
403 1902 517 1956 promtum
549 1894 609 1940 ferro
634 1895 748 1941 inundent.
785 1894 789 1905 '

88 1956 163 2013 Tune,
180 1958 247 2020 signo
264 1959 322 2004 inter
338 1974 362 2005 se
378 1959 437 2015 dato,
456 1960 583 2021 irrumpunt
597 1958 750 2009 contubernia,

88 2022 201 2069 trucidant
209 2027 301 2084 ignem
310 2041 315 2069 :
330 2022 398 2079 nullo,
407 2025 450 2071 uisi
458 2024 560 2079 consciis,
570 2030 682 2077 noscente,
691 2021 753 2082 quod

89 2087 157 2134 caedis
168 2088 264 2141 initium,
277 2089 326 2147 quis
336 2086 394 2135 finis.

120 2151 218 2199 XLiX.
235 2150 334 2199 Diverso
348 2153 454 2208 omnium,
472 2168 523 2215 quoe
534 2166 631 2213 unquam
643 2148 750 2203 accidire,

87 2216 188 2263 civilium
195 2230 308 2265 armorum
318 2216 399 2263 facies:
420 2232 465 2264 non
475 2218 562 2280 proeiio,
571 2231 618 2263 non
627 2216 727 2262 adversis
737 2230 752 2261 e

88 2282 173 2335 nastris,
185 2282 226 2328 sed
236 2282 314 2329 iisdem
326 2297 339 2328 e
349 2282 462 2338 eubilibus,
479 2298 536 2343 quos
552 2281 619 2328 simul
634 2286 752 2327 vescentes

88 2346 143 2401 dies,
154 2347 222 2393 simul
232 2347 321 2407 quietos
332 2362 377 2394 nox
388 2347 501 2401 habuerat,
513 2347 630 2393 discedunt
637 2347 660 2391 in
668 2351 751 2406 partes.

87 2411 194 2473 ingerunt
205 2410 262 2457 teia:
277 2412 473 2466 cismonvuinera,
483 2410 667 2473 snuguispsiem:
684 2421 752 2457 cause

88 2475 110 2521 in
126 2476 232 2523 oocultor
252 2482 334 2523 eaetern
348 2476 395 2523 fors
411 2478 485 2538 regit:
504 2476 627 2536 etquidem
641 2476 751 2520 bonorum

89 2541 147 2595 oaesi
156 2548 283 2602 postquem,
294 2540 415 2597 intellecto,
424 2542 447 2587 in
458 2555 516 2602 qnos
526 2541 649 2592 saeviretur,
660 2536 751 2599 pessimi

89 2618 175 2665 quoque
186 2618 250 2653 arma
257 2614 390 2667 rapuerant:
411 2622 485 2666 neque
501 2606 589 2666 legatus
600 2611 640 2649 aut
650 2603 753 2649 tribunus

90 2670 215 2719 moderator
224 2670 306 2719 adfuit:
325 2672 433 2733 permisso
444 2670 613 2733 vuigolicentie
622 2676 689 2728 atque
697 2664 752 2709 ulti·
