1842 2909
98 105 234 184 ,aes-³.-
269 99 392 154 :nara
408 84 607 154 usurarum
728 108 776 156 aar

115 247 153 294 res
164 241 246 295 gestas,
258 233 353 296 quidque
364 236 393 282 sit
404 237 449 298 spei
460 236 586 298 pericudm
596 225 776 298 uticratjasm,

115 298 211 360 principi
222 301 339 348 renuntiat
362 301 433 347 Addit
439 301 522 347 validas
529 301 618 361 quidem
624 314 674 347 csse
683 307 775 362 gentes:

116 367 141 408 at
151 363 170 408 si
179 371 259 411 caetera
269 365 297 410 ad
307 365 330 410 id
337 365 420 411 bellum
430 371 508 426 parate
517 365 654 428 accederem
665 362 778 412 ct'Caessr

115 427 210 473 nurnine
226 443 252 474 ae
267 428 386 490 praesentii
400 429 483 476 milites
498 435 613 484 tutaretur,
630 435 714 476 mtam
725 425 776 490 dig·

115 495 568 619 mfflffudffissmffiuagpffffifflmo
573 559 621 620 jam
635 557 775 620 pmcipicns,

117 634 154 665 rea
168 622 262 668 urbanas
281 629 419 682 caeterosque
436 623 548 668 exercitus
561 621 662 677 Vitellio,
681 623 777 685 collegia

117 698 166 740 suo,
174 686 330 743 commendam
347 687 476 748 ipsestatim
487 687 515 732 ad
522 685 674 732 Britannicam
684 687 776 748 expedi·

116 749 202 795 tionem
219 750 365 812 profecturus,
387 752 435 798 nisi·
446 750 526 797 fuisset
544 750 631 805 Galbae,
648 765 714 811 quem
732 751 777 797 lide

115 812 254 874 scientiisque
264 816 353 862 militari
364 816 541 876 acceptissimum
552 815 702 876 praediximus,
714 830 775 860 mor·

116 878 287 926 bovretardatus.
319 879 366 926 Ubi
382 880 502 934 convaluit,
517 876 596 926 Caesar
604 893 695 940 magno
708 893 776 940 appa·

117 948 168 988 ratu
181 944 211 989 ab
227 943 292 990 ostia
308 945 331 990 in
349 943 488 990 Britanniam
504 944 625 1005 navigavit,
641 944 776 1004 magiscum

117 1008 174 1052 mari
186 1022 251 1068 quam
263 1024 313 1054 cum
324 1009 424 1055 hostibus
438 1007 586 1054 conflictatus.
617 1007 659 1053 Bis
667 1009 727 1053 enim
735 1023 776 1052 ve-

117 1070 216 1118 hementi
232 1071 307 1134 Circio
323 1088 388 1134 paene
404 1073 518 1120 demersus
527 1069 563 1119 est
572 1087 641 1134 prope
650 1071 776 1134 Liguriam,

111 1136 224 1197 juxtaque
239 1137 370 1184 Stoechadas
386 1137 479 1184 insulas.
511 1135 674 1184 Cum'taodem
691 1135 776 1182 Massi·

117 1199 170 1246 liam
186 1201 312 1262 appulisset
333 1202 479 1248 Gesoriacum
493 1201 589 1262 pedestri
604 1202 685 1248 itincre
696 1201 775 1262 petiit:

116 1279 173 1310 mox
183 1265 211 1310 ad
222 1267 278 1312 ostia
285 1265 388 1314 Tamesis
398 1267 527 1313 transmisit.
753 1311 756 1314 ,

152 1328 319 1391 [Flagrantibus
330 1331 432 1384 militum,
443 1345 501 1391 quos
508 1331 613 1392 principis
620 1329 738 1392 adspectus
748 1329 777 1376 ad

116 1393 213 1456 gloriam
232 1396 305 1458 magis
318 1396 390 1442 adhuc
400 1409 466 1456 quam
478 1396 506 1442 ad
515 1395 615 1441 laetitiam
626 1396 717 1450 excitat,
729 1402 776 1442 stu·

118 1459 163 1505 diis
174 1466 287 1520 exceptus,
303 1459 387 1506 flumen
403 1460 498 1517 trausit3
515 1467 637 1520 nactusque
647 1459 776 1514 Britannos,

118 1524 166 1584 qui,
186 1524 287 1570 nuntiato
306 1521 403 1572 Caesaris
421 1526 526 1579 adventu,
547 1531 696 1578 occurrerant,
717 1524 778 1569 illico

118 1587 223 1649 proelium
234 1589 361 1644 committit,
372 1605 454 1650 eosque
465 1588 601 1650 principatus
611 1589 725 1650 majestate
735 1603 777 1648 po-

112 1653 170 1712 tius,
193 1668 259 1713 quam
282 1668 365 1716 pugnae
386 1655 503 1701 atrocitate
524 1659 621 1714 superat.
657 1649 779 1698 Incruentai

118 1716 215 1764 victorii
232 1718 305 1772 laetus,
329 1717 517 1772 Camulodunum,
535 1715 668 1765 Cunobalini
685 1717 778 1778 regiam,

119 1789 228 1844 occupat;
245 1783 338 1844 populos
348 1784 372 1828 in
383 1783 518 1830 deditionem
528 1783 614 1843 accipit,
629 1788 668 1828 aut
678 1782 701 1826 vi
717 1781 778 1828 subi·

78 1887 82 1896 .
118 1847 161 1908 git.
193 1845 257 1893 intra
268 1847 379 1894 sexdecim
390 1848 437 1894 dics
448 1861 508 1908 saepe
516 1845 642 1908 Imperator
651 1847 778 1892 consaluta-

118 1918 164 1964 tus,
178 1911 284 1972 pluraque
296 1919 419 1973 temporum
431 1912 602 1974 opportunitate,
612 1925 678 1971 quam
693 1909 726 1956 D.
735 1909 778 1957 Ju-

119 1976 165 2021 lius
175 1975 282 2022 bellorunr
293 1975 354 2023 sami
364 1978 454 2039 potitus,
465 1977 489 2023 in
502 1975 588 2022 Urbem
603 1976 727 2028 revertitur,
743 1989 779 2020 re·

118 2041 180 2086 lictis
192 2039 281 2088 Plautio
292 2048 315 2087 et
326 2040 473 2102 Vespasiano,
493 2041 530 2101 qui
540 2039 620 2086 faustis
630 2039 734 2101 auspiciis
743 2039 779 2086 in·

117 2107 200 2152 choata
211 2105 305 2152 consilio
315 2119 341 2152 ac
351 2104 481 2152 fortitudine
490 2103 629 2166 perficerent

154 2169 242 2232 [Aucto
254 2169 318 2216 novis
329 2171 394 2217 terris
404 2171 504 2231 imperio,
514 2170 612 2216 accrevit
624 2168 718 2216 eruditio
729 2167 780 2216 Ro·

119 2233 432 2361 iiidsd⁵‘³ri¹¹³i⁹{lpp⁸id
437 2232 781 2359 ,liillltlttll‘lll

118 2365 162 2410 vix
173 2379 269 2424 unquam
281 2363 338 2418 tulit,
353 2365 429 2410 orbem
443 2372 552 2410 terrarum
565 2362 622 2409 Urbi
636 2363 782 2424 spectandum

119 2443 246 2492 proponere
262 2435 453 2490 erataggressus:
473 2427 629 2489 D.Augustus
642 2426 782 2488 complexam
808 2465 812 2470 .

118 2507 174 2539 eum
202 2493 319 2554 porticum,
345 2508 376 2539 ex
401 2493 548 2539 destinatione
575 2490 784 2557 commentariisque

122 2558 234 2620 Agrippae
245 2558 272 2603 ab
283 2556 378 2604 Octauii
387 2558 521 2610 inchoatam,
532 2563 655 2618 peregerat.
687 2551 781 2611 Magni-

120 2621 190 2670 ficum
197 2623 285 2684 quidem
297 2628 320 2669 et
329 2622 415 2670 victore
425 2621 507 2685 populo
515 2621 609 2682 Quum
619 2619 783 2678 luitspectacu-
