1842 2909
109 164 167 205 ιο.
180 166 210 207 ts.
265 158 458 209 ANNALIUM
475 158 629 211 LmLCsr.
641 158 678 209 lm
758 164 774 211 Ἰ

115 297 160 345 tur,
183 306 228 352 quo
249 290 366 337 Valerium
386 288 488 339 Corvum
510 299 534 338 et
553 289 691 340 umanum
713 291 781 337 simul

117 363 258 415 aequaverat:
278 357 407 403 continuata
417 372 457 417 per
469 364 554 417 septem
568 363 592 403 et
605 356 698 417 triginta
709 370 780 402 annos

115 419 234 467 tribunicia
244 427 354 481 potestas:
375 436 457 467 nomen
469 418 613 481 Imperatoris
629 420 698 466 semel
713 427 781 480 atque

115 485 295 545 viciespartum;
310 486 512 545 aliaquehonorum
520 484 781 545 multiplicataautnovs.

117 547 153 596 At
164 548 222 609 apud
228 550 349 611 prudentes
357 551 404 596 vita
411 551 460 611 ejus
470 550 532 597 varie
537 549 691 602 extollebatur,
699 564 781 611 argue·

116 614 219 658 baturve.
252 612 293 668 Hi,
304 615 386 674 pietate
396 628 451 675 erga
458 622 573 675 parentem
584 621 607 660 et
618 612 782 659 necessitudine

119 677 253 787 reippbliccsp,
264 676 342 737 inqui
352 678 427 752 nullm
439 684 492 724 tunc
502 678 590 753 legibus
599 678 670 788 ipsus,
682 678 784 787 αᾶὴιὶιὲᾖ

120 756 219 787 mnas
242 756 376 802 umquaen
405 757 433 787 ue
555 757 606 788 ssen
628 756 737 801 nsquea
765 756 784 787 rr

120 821 163 867 per
176 806 246 851 bonas
261 810 335 853 artes:
354 758 425 852 milita
441 757 554 860 ffiipo
566 806 619 853 dum
629 805 784 853 interfectores

120 870 193 931 patris
204 870 354 923 ulcisceretur,
371 871 442 917 multa
455 868 542 929 Iaepido
553 871 701 917 concessisset
720 876 784 931 post·

122 948 190 995 quam
202 934 237 983 hic
249 932 350 981 socordii
364 935 468 987 senuerit,
485 935 523 980 ille
532 949 573 995 per
582 934 684 981 libidines
693 948 785 995 pessum

123 1000 189 1045 datus
206 999 242 1051 sit,
259 1014 305 1045 non
321 999 381 1045 aliud
400 999 547 1047 discordantis
565 1000 644 1057 patriae
662 998 785 1045 remedium

122 1062 199 1117 tuisse,
211 1078 276 1123 quam
286 1070 311 1109 ut
319 1064 346 1109 ab
353 1078 399 1109 uno
407 1070 530 1123 regeretur.
561 1062 617 1109 Non
624 1078 695 1123 regno
703 1069 786 1115 tamem

124 1142 197 1187 neque
216 1126 332 1181 dictatori,
349 1128 388 1173 sed
405 1126 517 1188 Principis
533 1127 625 1173 nornine
642 1128 787 1172 constitutam

125 1192 299 1253 rempublicam:
319 1192 373 1237 mari
386 1191 478 1239 Oceano
491 1198 530 1237 aut
543 1191 645 1237 amnibus
658 1191 788 1252 longinquis

125 1262 214 1317 septsm
241 1256 372 1318 imperiums
401 1256 510 1317 legiones,
537 1256 670 1317 provincias,
699 1255 788 1309 classes,
860 1252 864 1257 ’

125 1327 208 1367 cuncta
218 1322 276 1367 inter
287 1336 311 1367 se
322 1335 434 1367 connexa:
449 1322 488 1382 jus
499 1321 556 1381 apud
572 1320 640 1373 cives,
656 1320 788 1367 modestiam

126 1385 186 1445 apud
197 1386 283 1431 socios:
303 1386 379 1431 urbem
390 1384 460 1445 ipsam
472 1383 592 1445 magnifico
606 1392 700 1432 ornatu:
709 1430 711 1434 ,
719 1399 790 1447 pauca

126 1449 247 1495 admodum
259 1450 281 1496 vi
292 1457 392 1505 tractata,
404 1464 450 1510 quo
460 1450 548 1497 caeteris
557 1450 621 1510 quies
631 1456 697 1495 esset.

161 1512 194 1559 X.
211 1513 335 1561 Dicebatur
350 1521 433 1569 contra,
450 1514 556 1575 pietatem
570 1529 626 1577 erga
637 1521 752 1573 parentem
767 1519 793 1559 et

127 1586 230 1638 tempora
249 1579 374 1639 reipublicae
390 1579 489 1625 obtentui
504 1586 590 1625 mmtas
609 1585 715 1624 caeterum
727 1578 790 1638 cupi·

128 1643 181 1688 dine
196 1642 323 1689 dominandi
338 1644 439 1689 concitos
454 1659 495 1704 per
507 1643 650 1704 largitionem
664 1649 792 1695 veteranos,

128 1713 232 1767 paratum
243 1709 271 1754 ab
281 1708 422 1754 adolescente
432 1708 520 1769 privato
530 1708 660 1760 exercitum,
677 1714 793 1767 corruptas

129 1772 229 1817 consulis
239 1772 346 1833 legiones,
362 1772 487 1819 simulatam
499 1770 685 1833 Pompeianarum
696 1770 792 1832 gratiam

129 1836 226 1897 partium
234 1848 248 1881 :¹
260 1850 315 1881 mox
326 1837 362 1883 ubi
373 1838 463 1883 decreto
473 1844 560 1897 petrum
570 1836 642 1883 fasces
652 1843 676 1882 et
682 1836 721 1896 jus
730 1842 791 1895 prm&

131 1900 187 1946 toris
200 1901 313 1955 invaserit,
331 1902 395 1947 caesis
412 1898 491 1947 Hirtio
507 1907 531 1946 et
548 1899 630 1952 Pausi,
648 1900 707 1961 (sive
723 1899 794 1945 hostis

130 1963 188 2019 illos,
205 1980 244 2010 seu
256 1964 352 2011 Pansam
364 1980 476 2011 venenum
487 1966 574 2011 vulneri
585 1963 686 2018 affirsum,
704 1964 738 2009 sni
749 1964 793 2008 mi-

130 2028 183 2075 lites
200 2027 309 2083 Hirtium,
327 2037 350 2076 et
363 2030 501 2075 machinator
516 2030 561 2075 doli
573 2027 652 2076 Caesar
661 2024 794 2087 abstulerat)

109 2125 112 2129 ·
132 2094 248 2152 utriusque
256 2094 330 2154 copias
337 2095 494 2155 occupavisse:
514 2100 627 2139 extortum
634 2092 706 2138 invito
715 2098 795 2139 senatu

132 2158 274 2203 consulatum
279 2175 287 2213 ;
304 2172 415 2219 annaque,
432 2173 484 2219 quae
499 2160 523 2204 iu
535 2157 661 2204 Antonium
677 2157 793 2217 acceperit,

133 2230 212 2267 contra
230 2223 388 2283 rempublicam
406 2238 484 2269 versa:
503 2222 689 2284 proscriptionem
704 2222 794 2274 cisium,

133 2286 254 2333 divisiones
265 2302 377 2347 agrorum,
390 2302 418 2333 ne
428 2288 482 2349 ipsis
493 2288 588 2347 quidem,
599 2288 638 2346 qui
649 2282 735 2347 cepere,
745 2286 796 2331 lau·

134 2350 203 2397 datas.
237 2351 297 2398 Sane
309 2349 381 2399 Cassii
393 2358 416 2398 et
426 2350 550 2399 Brutorum
559 2352 633 2398 exitus
643 2351 742 2412 paternis
753 2350 796 2395 ini-

133 2415 224 2461 micitiis
234 2416 298 2462 datos
305 2416 449 2479 (quamquam
460 2416 536 2470 fassit,
547 2416 633 2477 privata
643 2416 694 2462 odia
704 2414 797 2475 publicis

134 2480 266 2526 utilitatibus
277 2478 414 2541 remittere);
431 2483 470 2527 sed
481 2480 612 2543 Pompeium
621 2480 719 2541 imagine
728 2477 796 2539 pacis,

136 2545 175 2590 sed
188 2543 298 2604 Lepidum
310 2546 384 2605 specie
392 2546 502 2599 amicitiae,
514 2545 632 2605 deceptos:
651 2549 709 2605 post,
721 2544 798 2587 Anto·

136 2608 206 2663 nium,
226 2608 349 2655 Tarentino
369 2609 552 2669 Brundisinoque
572 2608 657 2656 t'oedere
674 2615 697 2653 et
715 2604 799 2664 nuptiis

138 2674 219 2721 sororis
229 2674 336 2731 illectum,
350 2674 449 2722 subdolae
460 2672 574 2731 affinitatis
584 2686 663 2735 poenas
673 2675 747 2741 morte
756 2678 796 2711 ex·
