1842 2909
167 120 200 163 60
247 110 440 162 ANNALIUII
456 108 554 160 Ins-II.
566 109 676 161 cansa.
712 113 833 165 acano.

168 256 274 307 prensare
285 258 399 291 servorum
410 242 510 297 dexnu,
520 242 618 291 issem
627 242 728 305 gladium
737 258 746 291 ε
764 253 833 305 atque

168 310 219 363 illis,
230 309 283 355 dum
295 308 411 369 trepidant,
427 308 480 353 dum
494 307 615 369 refugiunt,
626 309 780 356 evertentibus
790 324 831 371 ap-

166 374 266 437 ‘positum
285 372 364 419 nuensb
378 373 463 425 luunen,
479 371 584 419 feralibus
596 374 646 434 jam
665 372 706 418 sibi
726 374 830 427 tenebris,

168 439 225 485 duos
235 439 293 484 ictus
304 438 327 485 in
338 437 424 483 viscera
433 437 521 483 duent
552 436 591 483 Ad
600 437 831 498 gemitumcollabcn·
904 457 905 460 ¹

170 505 200 549 tis
214 500 330 550 nccurffira
347 502 432 548 liberti:
452 510 482 557 et,
501 502 563 549 caede
581 500 636 555 visi,
655 501 721 548 miles
739 503 832 549 abstitit.
905 559 906 564 ¹

170 567 292 615 Accusatio
299 580 373 613 tamen
381 566 686 627 apudpstresasscveratione
693 564 775 612 eisdem
780 582 831 629 per·

170 640 226 686 scta,
242 632 370 693 juravitque
380 630 490 684 Iiberins.
501 630 622 691 petimrum
634 645 659 677 se
668 630 740 677 vitam
751 646 831 692 quani·

171 699 207 745 vis
218 696 314 749 nocenti,
326 696 368 742 uisi
379 696 527 743 voluntariam
536 702 632 741 mortem
643 698 818 756 properavimet.

202 758 315 807 XXXII.
332 758 398 807 Bona
411 761 471 807 inter
485 767 627 829 accupatores
642 760 790 806 dividuntur:
810 768 834 809 et

170 836 276 888 praeturse
286 831 349 871 extra
359 824 459 871 ordinem
470 824 529 871 hie
536 825 578 877 his,
586 824 624 885 qui
630 824 736 871 senatorii
747 826 836 873 ordinis

169 898 240 937 erant.
272 888 339 935 Tunc
355 886 424 937 Cotta
439 888 584 944 Messalinus,
600 902 630 934 ne
642 889 719 949 imago
736 887 838 938 Libonis

169 955 287 1015 exsequias
311 959 451 1015 posterorum
477 954 627 1007 comitaretur,
654 954 755 999 censuit:
788 953 836 1006 Cn.

170 1019 288 1073 lentulus,
306 1034 335 1065 ue
353 1018 402 1078 quis
420 1018 549 1065 Scribonius
564 1024 740 1079 cognomentum
759 1018 836 1066 Drusi

170 1093 308 1132 assumeret:
336 1083 521 1144 supplicationum
544 1082 592 1128 dies
613 1081 733 1143 Pomponii
756 1082 837 1130 Flacci

172 1148 284 1197 sententid
294 1148 421 1193 constituti:
440 1148 499 1193 dona
513 1145 574 1200 Jovi,
592 1146 670 1200 Marti,
688 1144 836 1201 Concordia,

170 1222 240 1275 utque
250 1213 326 1259 Iduum
338 1212 501 1271 Septembrium
512 1212 566 1264 dias,
576 1226 623 1270 quo
633 1226 659 1256 se
669 1209 728 1256 Libo
738 1211 837 1259 interita·

171 1285 240 1331 cerat,
255 1277 302 1323 dies
313 1274 384 1321 festus
395 1276 517 1329 baberetur,
530 1274 560 1321 L.
566 1274 594 1321 P.
603 1282 627 1321 et
638 1275 719 1321 Gallus
730 1274 837 1331 Asinius,

171 1351 195 1389 et
207 1337 290 1402 Papius
300 1339 404 1395 Mutilus,
421 1347 445 1387 et
460 1340 490 1387 L.
498 1339 613 1401 Apronius
622 1336 756 1385 decrevere:
778 1356 839 1401 qno-

173 1421 222 1455 rum
241 1405 383 1451 auctoritates
397 1405 580 1465 adulationesque
598 1404 669 1457 retuli,
685 1410 712 1449 ut
730 1404 838 1459 sciretur,

172 1477 237 1519 vetus
252 1470 274 1517 id
285 1470 308 1515 in
319 1470 403 1531 republ.
414 1470 505 1517 malum.
538 1468 608 1516 Facta
617 1469 680 1515 etde
690 1470 837 1517 mathemati-

173 1539 206 1584 cis
216 1534 334 1596 magisque
344 1531 411 1581 ttulit
422 1534 531 1595 pellendis
541 1533 756 1580 senatusconsulta:
775 1550 836 1595 quo·

173 1616 223 1648 rum
235 1614 352 1646 enumero
364 1598 391 1646 L.
401 1598 520 1646 Pituanius
529 1613 585 1645 saxo
595 1598 693 1658 dejectus
703 1604 749 1645 ests
768 1599 795 1643 iu
808 1598 836 1645 Ρ.

176 1666 289 1714 Marcium
308 1664 418 1717 consules,
434 1673 500 1710 extra
514 1671 600 1723 portam
615 1662 764 1723 Esquilinam,
782 1678 837 1709 cum

173 1730 291 1777 classicum
303 1744 382 1775 canere
387 1728 515 1789 J'ussisseut,
526 1743 588 1773 mora
598 1727 671 1787 prisco
681 1726 808 1773 adscribe.

207 1790 333 1839 XXXIII.
351 1792 458 1839 Proximo
475 1792 566 1839 senatds
581 1792 617 1837 die
630 1791 701 1836 millia
714 1791 738 1837 in
754 1791 836 1838 lumin

174 1859 271 1906 civitatis
281 1858 360 1903 dIctss
369 1856 400 1911 Q.
406 1855 509 1911 Haterio,
520 1856 638 1909 consulari,
650 1855 747 1902 octavio
759 1855 835 1903 Fron·

174 1934 234 1979 tone,
245 1920 344 1984 praeturi
352 1921 443 1968 functo:
463 1922 620 1981 decretumque
629 1934 659 1966 ne
666 1934 721 1966 vasa
730 1935 786 1967 auro
798 1936 837 1969 so·

173 1991 220 2037 lida
230 1986 381 2035 ministrandis
392 1986 446 2032 cibis
456 1984 545 2031 fierent:
566 2000 595 2031 ne
608 1984 678 2045 vestis
691 1984 764 2031 series
772 1986 837 2033 viros

173 2054 276 2101 t‘oedaret.
307 2050 413 2097 Excessit
425 2048 519 2104 Fronto,
529 2064 555 2098 ac
564 2049 686 2110 postulavit
695 2049 789 2095 modurn
800 2051 842 2097 ar·'

175 2125 252 2180 genio,
264 2115 403 2176 supellectili,
417 2113 516 2161 familiae.
548 2113 606 2161 Erat
615 2114 697 2175 quippe
706 2114 781 2161 adhuc
791 2114 838 2161 Ire·
886 2124 890 2133 “

133 2226 135 2231 .
175 2196 248 2244 quens
264 2180 409 2233 aenatoribus,
427 2180 446 2225 si
459 2180 513 2239 qpid
528 2194 542 2225 e
556 2178 640 2241 republ.
648 2178 839 2237 crederentlcon

176 2246 294 2293 sententiae
311 2258 419 2306 promere.
453 2242 540 2293 Contra
557 2244 638 2291 Gallus
654 2241 748 2290 Asinius
760 2244 838 2301 *disso-

176 2312 234 2359 ruit:
256 2309 333 2357 Auctu
346 2308 432 2370 imperii
445 2308 570 2355 adolevisse
582 2308 649 2355 etism
662 2306 761 2368 privatas
772 2322 839 2369 opes3

177 2377 244 2436 idque
255 2389 300 2421 non
309 2382 400 2427 novum,
412 2372 636 2418 sederetustissimis
643 2372 753 2417 moribus:
772 2372 839 2420 aliam
857 2370 865 2376 “

179 2440 238 2501 apud
249 2438 369 2491 Fabricios,
386 2437 452 2482 aliam
463 2437 522 2497 apud
537 2436 654 2497 Scipiones
665 2437 800 2497 pecuniam
816 2443 840 2484 et

179 2509 261 2549 cuncta
271 2502 299 2549 ad
314 2499 421 2561 rempubl.
431 2499 525 2557 referri3
540 2498 586 2560 qui
598 2499 667 2554 tenui,
683 2508 793 2561 angustas
807 2501 840 2547 ci·

96 2594 104 2613 t
180 2568 242 2613 vium
260 2566 353 2633 domos;
375 2570 494 2625 postquam
513 2579 541 2611 eo
557 2562 731 2639 magrrificcntioe
748 2566 840 2620 venerit,
