1842 2909
152 94 183 137 rs
247 88 438 139 ANNALIUM
455 88 508 137 Lu
520 87 540 137 1.
553 87 612 139 cu.
621 79 663 138 ⁴19.
698 90 816 141 meaos·

149 236 200 267 esse
209 220 303 275 militiae,
319 220 359 266 sed
375 220 433 281 spud
447 220 554 266 vexillum
565 226 671 272 retentos,
688 219 732 266 slio
742 234 816 266 vocs·

150 284 203 331 buln
219 285 309 331 eosdem
325 284 412 331 labores
427 284 539 347 perferre:
558 299 584 331 sc
600 285 619 331 si
634 286 686 344 quis
696 292 732 329 tot
747 300 817 331 cesus

149 347 198 395 virt
208 350 352 411 supersessis,
368 349 425 397 trebi
440 350 512 396 sdbuc
527 349 661 395 dirersssin
672 359 758 407 terrae,
767 350 815 404 ubi,

149 428 190 475 per
206 428 288 461 nomen
308 428 420 476 agrorum,
440 414 537 474 uligines
552 413 658 474 psludum
674 414 712 459 rel
727 414 815 460 inculte

151 479 261 525 montium
273 479 388 540 accipiunt.
419 476 544 524 Enimvero
554 478 655 524 militium
672 478 743 540 ipsam
757 492 814 539 grs-

149 556 209 595 uem,
217 542 392 591 infructuosum:
412 542 476 589 denis
486 542 509 589 in
520 542 578 588 diem
587 543 672 589 assibus
683 542 815 589 unimsmet

151 622 232 667 corpus
243 609 362 655 sestimsri:
380 608 434 653 binc
444 614 538 661 vestem,
554 622 622 661 srms,
638 607 742 661 tentoria,
759 608 815 653 hinc

150 672 258 719 sevitiam
267 673 421 719 centurionum
428 679 451 719 et
458 672 585 718 usestiones
591 686 709 717 munerum
718 670 810 717 reffimh

152 743 181 789 st,
193 737 289 792 hercule,
300 737 393 783 verbera
403 742 425 782 st
432 736 532 790 vulne-s,
543 736 621 782 durum
630 736 733 789 hiemem,
745 750 813 781 exer·

150 801 206 847 cites
217 809 313 855 estates,
329 802 412 847 hedum
424 808 488 847 atrox
498 807 537 848 sut
552 800 651 847 sten'lem
661 815 739 863 pscem
751 815 812 846 sem·

71 896 74 907 .
148 865 250 927 piterns:
270 880 311 913 nse
322 864 381 911 uliud
394 866 552 919 levamentum,
570 878 637 925 qusm
654 866 673 910 si
687 864 754 910 certis
768 865 812 911 sub

149 928 236 991 legibus
246 930 326 977 militis
338 931 445 987 iniretur;
463 937 489 975 ut
503 930 605 990 singulos
619 929 721 975 uesanos
736 944 811 975 mere·

149 1000 215 1050 rent;
233 995 409 1042 sextusdecimus
419 993 521 1056 stipendii
532 999 608 1040 sunus
621 992 809 1050 finem·sfferret;

150 1072 179 1105 ne
189 1058 247 1106 ultra
259 1060 300 1106 sub
310 1060 398 1106 vexillis
407 1065 543 1112 tenerentur,
558 1059 597 1105 sed
607 1058 685 1123 iisdem
696 1058 720 1104 in
731 1060 811 1104 cestris

149 1124 267 1184 praemium
282 1122 376 1185 pecunid
390 1124 520 1170 solveretur.
552 1123 591 1169 An
601 1123 718 1183 proetoriss
728 1123 810 1168 cohor·

150 1194 191 1242 tes,
202 1203 254 1249 quse
263 1190 328 1235 binos
338 1187 440 1235 denarios
449 1189 580 1249 acciperent,
589 1201 641 1247 quse
651 1193 703 1248 post
711 1187 809 1233 sedecim

148 1266 219 1297 snnos
229 1252 346 1313 penatibus
352 1253 400 1301 suls
407 1252 533 1307 redduntur,
544 1252 595 1313 plus
600 1250 749 1313 periculorum
757 1266 809 1297 sus-

148 1314 240 1377 cipere?
257 1315 311 1361 Non
323 1316 440 1363 obtrectari
450 1331 469 1365 s
484 1332 509 1363 se
519 1318 614 1363 urbouss
629 1312 747 1362 excubias:
767 1316 810 1361 sibi

147 1386 223 1505 tpimpen
238 1380 297 1441 spud
314 1380 414 1428 horridos
429 1388 510 1444 gentes
525 1396 539 1429 e
554 1380 705 1428 contuberniis
720 1380 809 1427 hostem

204 1459 240 1490 rm.
761 1468 767 1480 ι

182 1506 280 1557 XVIII.
290 1508 806 1573 Adstrepebstvrdgrrsdirsrsisincitnmentis:
871 1533 874 1539 ,

149 1574 172 1621 bi
183 1574 299 1621 verberum
311 1583 382 1631 notus,
392 1576 426 1622 illi
437 1577 548 1629 omisisse,
562 1576 651 1637 plurimi
663 1576 744 1621 detritu
754 1582 808 1635 teg·

148 1639 209 1685 mins
223 1647 247 1686 et
262 1639 347 1687 nudum
363 1656 443 1703 corpus
459 1641 630 1702 exprobrantes:
649 1648 763 1701 postremo
778 1654 818 1685 eo*

147 1701 229 1751 luroris
239 1700 327 1760 rendre,
339 1713 365 1751 ut
375 1711 420 1751 tres
431 1704 532 1767 legiones
542 1706 636 1751 miscere
646 1705 669 1750 in
681 1718 748 1751 unsm
756 1703 808 1764 sgi-

149 1768 259 1815 tsrerint:
278 1768 364 1831 depulsi
380 1770 529 1822 aemulstione,
543 1770 596 1829 quis
611 1784 659 1815 suae
668 1769 763 1828 quisque
772 1768 806 1813 le·

147 1832 209 1894 gioni
227 1848 278 1879 eum
294 1834 402 1880 honorem
418 1834 556 1894 querebant,
571 1834 722 1887 aliovermnt,
739 1839 808 1891 atque

147 1895 194 1944 und
209 1904 255 1944 tres
271 1898 355 1958 equulos
372 1906 395 1945 et
412 1899 478 1959 signs
493 1898 618 1945 cohortium
631 1897 723 1943 locentz-
740 1895 808 1942 simul

146 1969 273 2023 congerunt
283 1964 396 2024 caespites,
419 1970 538 2009 exstruunt
553 1962 656 2016 tribunal,
670 1976 716 2021 quo
733 1960 807 2022 magis

147 2028 267 2087 conspicue
277 2027 340 2075 sedes
350 2026 415 2075 foret.
447 2025 621 2087 Propemntrbus
633 2026 723 2073 Blaesus
737 2025 806 2071 sdve-

145 2090 187 2143 nit,
204 2092 372 2152 increpsbstqne
387 2106 413 2138 sc
426 2091 535 2138 retinebat
549 2091 657 2153 singulos,
673 2089 805 2137 clamitans:

147 2152 227 2201 “Med
240 2156 314 2216 potius
329 2156 391 2203 caede
408 2156 500 2203 imbuite
513 2170 606 2211 munus,
621 2155 706 2201 leviore
720 2152 807 2215 flagitio

146 2218 246 2281 legatum
262 2218 405 2273 interficietis,
416 2234 484 2281 quum
495 2220 667 2281 sbimpemtnre
676 2219 809 2268 desciscitis.

146 2280 196 2330 Aut
209 2284 328 2331 incolumis
339 2284 403 2331 iidem
415 2286 531 2347 legionum
542 2284 647 2339 retinebo,
664 2290 704 2329 sut
712 2282 781 2343 jugat

144 2349 347 2408 tuspoenitentism
357 2346 508 2396 sccelersbo.”
766 2375 769 2382 ·

178 2408 251 2458 XIX.
270 2412 428 2474 Aggerebstur
444 2413 589 2459 nibilominus
604 2426 694 2474 caespes.
712 2412 808 2473 jamque

145 2478 229 2551 pectori
241 2491 312 2535 usque
319 2484 452 2531 accreverat,
464 2492 517 2524 cum
525 2478 613 2523 tandem
620 2475 744 2551 pervicacia
751 2476 807 2523 victi

145 2546 268 2601 mcoeptum
290 2540 393 2587 omisere.
435 2540 525 2588 Blaesus
549 2540 621 2587 multi
641 2541 728 2586 dicendi
750 2547 807 2594 erte,

146 2602 201 2651 Non
216 2620 257 2667 per
270 2604 403 2654 seditionem
420 2614 445 2653 et
458 2607 534 2654 turbes
550 2605 658 2656 desidedo
670 2604 766 2653 milium
777 2604 807 2651 sd
880 2599 885 2607 “
