<?xml version="1.0" encoding="UTF-8"?>
<!DOCTYPE html PUBLIC "-//W3C//DTD XHTML 1.0 Transitional//EN"
    "http://www.w3.org/TR/xhtml1/DTD/xhtml1-transitional.dtd">
<html xmlns="http://www.w3.org/1999/xhtml" xml:lang="en" lang="en">
 <head>
  <title>
</title>
<meta http-equiv="Content-Type" content="text/html;charset=utf-8" />
  <meta name='ocr-system' content='tesseract 3.04.00' />
  <meta name='ocr-capabilities' content='ocr_page ocr_carea ocr_par ocr_line ocrx_word'/>
</head>
<body>
  <div class='ocr_page' id='page_1' title='image "./opera01obergoog_0242.png"; bbox 0 0 1842 2909; ppageno 0'>
   <div class='ocr_carea' id='block_1_1' title="bbox 146 113 910 196">
    <p class='ocr_par' dir='ltr' id='par_1_1' title="bbox 146 113 910 196">
     <span class='ocr_line' id='line_1_1' title="bbox 146 113 910 196; baseline -0.012 -29"><span class='ocrx_word' id='word_1_1' title='bbox 146 123 195 167; x_wconf 75' lang='lat' dir='ltr'>ast</span> <span class='ocrx_word' id='word_1_2' title='bbox 336 113 626 166; x_wconf 73' lang='lat' dir='ltr'>SUPPLEMBNTUM</span> <span class='ocrx_word' id='word_1_3' title='bbox 690 119 752 160; x_wconf 65' lang='lat' dir='ltr'>mc.</span> <span class='ocrx_word' id='word_1_4' title='bbox 761 123 808 169; x_wconf 68' lang='lat'>792·</span> <span class='ocrx_word' id='word_1_5' title='bbox 907 121 910 196; x_wconf 64' lang='lat' dir='ltr'>i</span> 
     </span>
    </p>
   </div>
   <div class='ocr_carea' id='block_1_2' title="bbox 144 245 822 1268">
    <p class='ocr_par' dir='ltr' id='par_1_2' title="bbox 144 245 812 313">
     <span class='ocr_line' id='line_1_2' title="bbox 144 245 812 313; baseline -0.001 -17"><span class='ocrx_word' id='word_1_6' title='bbox 144 251 194 313; x_wconf 74' lang='lat' dir='ltr'>Jam</span> <span class='ocrx_word' id='word_1_7' title='bbox 208 246 312 301; x_wconf 66' lang='lat' dir='ltr'>edietum,</span> <span class='ocrx_word' id='word_1_8' title='bbox 328 251 355 293; x_wconf 83' lang='lat' dir='ltr'>ut</span> <span class='ocrx_word' id='word_1_9' title='bbox 365 261 451 301; x_wconf 84' lang='lat' dir='ltr'>ornnes,</span> <span class='ocrx_word' id='word_1_10' title='bbox 467 248 505 308; x_wconf 89' lang='lat' dir='ltr'>qui</span> <span class='ocrx_word' id='word_1_11' title='bbox 521 245 636 296; x_wconf 74' lang='lat' dir='ltr'>Titerium</span> <span class='ocrx_word' id='word_1_12' title='bbox 649 247 761 294; x_wconf 78' lang='lat' dir='ltr'>heredem</span> <span class='ocrx_word' id='word_1_13' title='bbox 773 248 812 295; x_wconf 81' lang='lat' dir='ltr'>de-</span> 
     </span>
    </p>

    <p class='ocr_par' dir='ltr' id='par_1_3' title="bbox 148 310 822 1268">
     <span class='ocr_line' id='line_1_3' title="bbox 148 310 812 373; baseline -0.008 -11"><span class='ocrx_word' id='word_1_14' title='bbox 148 311 277 366; x_wconf 61' lang='lat' dir='ltr'>edomat,</span> <span class='ocrx_word' id='word_1_15' title='bbox 292 311 394 358; x_wconf 75' lang='lat' dir='ltr'>moritttri</span> <span class='ocrx_word' id='word_1_16' title='bbox 411 313 472 358; x_wconf 86' lang='lat' dir='ltr'>booa</span> <span class='ocrx_word' id='word_1_17' title='bbox 490 310 547 360; x_wconf 79' lang='lat' dir='ltr'>Caio</span> <span class='ocrx_word' id='word_1_18' title='bbox 564 313 680 373; x_wconf 80' lang='lat' dir='ltr'>legerent:</span> <span class='ocrx_word' id='word_1_19' title='bbox 706 312 812 368; x_wconf 79' lang='lat' dir='ltr'>additum,</span> 
     </span>
     <span class='ocr_line' id='line_1_4' title="bbox 151 375 813 438; baseline -0.005 -12"><span class='ocrx_word' id='word_1_20' title='bbox 151 384 286 426; x_wconf 75' lang='lat' dir='ltr'>testamenta</span> <span class='ocrx_word' id='word_1_21' title='bbox 294 376 469 438; x_wconf 82' lang='lat' dir='ltr'>primipilarium,</span> <span class='ocrx_word' id='word_1_22' title='bbox 486 377 524 437; x_wconf 89' lang='lat' dir='ltr'>qui</span> <span class='ocrx_word' id='word_1_23' title='bbox 535 391 548 423; x_wconf 91' lang='lat' dir='ltr'>a</span> <span class='ocrx_word' id='word_1_24' title='bbox 560 375 690 423; x_wconf 76' lang='lat' dir='ltr'>Germanici</span> <span class='ocrx_word' id='word_1_25' title='bbox 700 377 813 438; x_wconf 87' lang='lat' dir='ltr'>triumpho</span> 
     </span>
     <span class='ocr_line' id='line_1_5' title="bbox 152 440 814 502; baseline -0.005 -12"><span class='ocrx_word' id='word_1_26' title='bbox 152 443 181 490; x_wconf 84' lang='lat' dir='ltr'>ad</span> <span class='ocrx_word' id='word_1_27' title='bbox 191 441 214 488; x_wconf 91' lang='lat' dir='ltr'>id</span> <span class='ocrx_word' id='word_1_28' title='bbox 226 441 333 502; x_wconf 85' lang='lat' dir='ltr'>temporis</span> <span class='ocrx_word' id='word_1_29' title='bbox 347 442 470 502; x_wconf 65' lang='lat' dir='ltr'>principun</span> <span class='ocrx_word' id='word_1_30' title='bbox 486 441 598 487; x_wconf 79' lang='lat' dir='ltr'>heredem</span> <span class='ocrx_word' id='word_1_31' title='bbox 612 455 659 488; x_wconf 88' lang='lat' dir='ltr'>non</span> <span class='ocrx_word' id='word_1_32' title='bbox 667 440 814 500; x_wconf 82' lang='lat' dir='ltr'>reliquissent,</span> 
     </span>
     <span class='ocr_line' id='line_1_6' title="bbox 152 505 813 568; baseline -0.005 -15"><span class='ocrx_word' id='word_1_33' title='bbox 152 513 178 554; x_wconf 87' lang='lat' dir='ltr'>nt</span> <span class='ocrx_word' id='word_1_34' title='bbox 188 506 284 568; x_wconf 81' lang='lat' dir='ltr'>ingrata,</span> <span class='ocrx_word' id='word_1_35' title='bbox 300 505 404 552; x_wconf 86' lang='lat' dir='ltr'>rescindi.</span> <span class='ocrx_word' id='word_1_36' title='bbox 437 507 520 552; x_wconf 79' lang='lat' dir='ltr'>Acrius</span> <span class='ocrx_word' id='word_1_37' title='bbox 535 507 638 552; x_wconf 82' lang='lat' dir='ltr'>saevitum</span> <span class='ocrx_word' id='word_1_38' title='bbox 654 505 678 550; x_wconf 87' lang='lat' dir='ltr'>in</span> <span class='ocrx_word' id='word_1_39' title='bbox 694 506 813 565; x_wconf 80' lang='lat' dir='ltr'>mancipes,</span> 
     </span>
     <span class='ocr_line' id='line_1_7' title="bbox 152 569 815 632; baseline -0.005 -14"><span class='ocrx_word' id='word_1_40' title='bbox 152 577 290 632; x_wconf 63' lang='lat' dir='ltr'>meosque</span> <span class='ocrx_word' id='word_1_41' title='bbox 306 569 394 616; x_wconf 80' lang='lat' dir='ltr'>riarum</span> <span class='ocrx_word' id='word_1_42' title='bbox 411 577 531 624; x_wconf 83' lang='lat' dir='ltr'>curatores,</span> <span class='ocrx_word' id='word_1_43' title='bbox 554 585 618 630; x_wconf 84' lang='lat' dir='ltr'>quos,</span> <span class='ocrx_word' id='word_1_44' title='bbox 635 571 699 630; x_wconf 84' lang='lat' dir='ltr'>quasi</span> <span class='ocrx_word' id='word_1_45' title='bbox 717 570 815 630; x_wconf 78' lang='lat' dir='ltr'>publicae</span> 
     </span>
     <span class='ocr_line' id='line_1_8' title="bbox 151 632 814 698; baseline -0.002 -17"><span class='ocrx_word' id='word_1_46' title='bbox 151 635 258 698; x_wconf 83' lang='lat' dir='ltr'>pecunias</span> <span class='ocrx_word' id='word_1_47' title='bbox 272 634 297 680; x_wconf 92' lang='lat' dir='ltr'>io</span> <span class='ocrx_word' id='word_1_48' title='bbox 313 649 368 681; x_wconf 82' lang='lat' dir='ltr'>usos</span> <span class='ocrx_word' id='word_1_49' title='bbox 383 649 437 681; x_wconf 81' lang='lat' dir='ltr'>ntos</span> <span class='ocrx_word' id='word_1_50' title='bbox 453 635 614 696; x_wconf 80' lang='lat' dir='ltr'>corrupissent,</span> <span class='ocrx_word' id='word_1_51' title='bbox 630 632 727 680; x_wconf 85' lang='lat' dir='ltr'>fortunis</span> <span class='ocrx_word' id='word_1_52' title='bbox 737 642 814 680; x_wconf 83' lang='lat' dir='ltr'>extur-</span> 
     </span>
     <span class='ocr_line' id='line_1_9' title="bbox 152 696 814 754; baseline -0.005 -8"><span class='ocrx_word' id='word_1_53' title='bbox 152 699 215 746; x_wconf 76' lang='lat' dir='ltr'>bavit</span> <span class='ocrx_word' id='word_1_54' title='bbox 228 696 273 746; x_wconf 78' lang='lat' dir='ltr'>Co.</span> <span class='ocrx_word' id='word_1_55' title='bbox 282 697 399 745; x_wconf 87' lang='lat' dir='ltr'>Domitius</span> <span class='ocrx_word' id='word_1_56' title='bbox 411 697 517 754; x_wconf 83' lang='lat' dir='ltr'>Corbulo,</span> <span class='ocrx_word' id='word_1_57' title='bbox 535 699 613 746; x_wconf 87' lang='lat' dir='ltr'>iisdem</span> <span class='ocrx_word' id='word_1_58' title='bbox 629 699 814 754; x_wconf 69' lang='lat' dir='ltr'><strong>damnationibus,</strong></span> 
     </span>
     <span class='ocr_line' id='line_1_10' title="bbox 155 762 815 889; baseline -0.003 -15"><span class='ocrx_word' id='word_1_59' title='bbox 155 779 183 812; x_wconf 63' lang='grc' dir='ltr'>ω</span> <span class='ocrx_word' id='word_1_60' title='bbox 199 778 270 874; x_wconf 60' lang='lat' dir='ltr'>Hpurp</span> <span class='ocrx_word' id='word_1_61' title='bbox 279 762 604 889; x_wconf 49' lang='lat' dir='ltr'>ffiqipatiqqutqsaqqqqqppem,</span> <span class='ocrx_word' id='word_1_62' title='bbox 621 831 727 873; x_wconf 81' lang='lat' dir='ltr'>revocato</span> <span class='ocrx_word' id='word_1_63' title='bbox 746 827 815 873; x_wconf 81' lang='lat' dir='ltr'>reteri</span> 
     </span>
     <span class='ocr_line' id='line_1_11' title="bbox 153 891 815 953; baseline -0.005 -14"><span class='ocrx_word' id='word_1_64' title='bbox 153 906 218 939; x_wconf 86' lang='lat' dir='ltr'>more</span> <span class='ocrx_word' id='word_1_65' title='bbox 239 898 265 937; x_wconf 92' lang='lat' dir='ltr'>ut</span> <span class='ocrx_word' id='word_1_66' title='bbox 286 891 331 938; x_wconf 86' lang='lat' dir='ltr'>duo</span> <span class='ocrx_word' id='word_1_67' title='bbox 351 898 459 953; x_wconf 74' lang='lat' dir='ltr'>pretores</span> <span class='ocrx_word' id='word_1_68' title='bbox 480 891 612 952; x_wconf 82' lang='lat' dir='ltr'>gladiatoria</span> <span class='ocrx_word' id='word_1_69' title='bbox 633 905 727 936; x_wconf 78' lang='lat' dir='ltr'>munera</span> <span class='ocrx_word' id='word_1_70' title='bbox 750 891 815 938; x_wconf 88' lang='lat' dir='ltr'>sorti·</span> 
     </span>
     <span class='ocr_line' id='line_1_12' title="bbox 155 953 818 1018; baseline -0.003 -15"><span class='ocrx_word' id='word_1_71' title='bbox 155 963 239 1010; x_wconf 77' lang='lat' dir='ltr'>reatin.</span> <span class='ocrx_word' id='word_1_72' title='bbox 254 955 320 1002; x_wconf 86' lang='lat' dir='ltr'>iudos</span> <span class='ocrx_word' id='word_1_73' title='bbox 326 955 420 1002; x_wconf 75' lang='lat' dir='ltr'>licitariz</span> <span class='ocrx_word' id='word_1_74' title='bbox 439 955 575 1017; x_wconf 70' lang='lat' dir='ltr'>gladiatores</span> <span class='ocrx_word' id='word_1_75' title='bbox 587 953 737 1018; x_wconf 78' lang='lat' dir='ltr'>(factricuiris</span> <span class='ocrx_word' id='word_1_76' title='bbox 747 953 818 1017; x_wconf 79' lang='lat' dir='ltr'>cupii,</span> 
     </span>
     <span class='ocr_line' id='line_1_13' title="bbox 154 1013 817 1084; baseline 0 -18"><span class='ocrx_word' id='word_1_77' title='bbox 154 1020 237 1084; x_wconf 81' lang='lat' dir='ltr'>piures,</span> <span class='ocrx_word' id='word_1_78' title='bbox 253 1035 319 1081; x_wconf 85' lang='lat' dir='ltr'>quam</span> <span class='ocrx_word' id='word_1_79' title='bbox 329 1034 371 1080; x_wconf 85' lang='lat' dir='ltr'>per</span> <span class='ocrx_word' id='word_1_80' title='bbox 382 1020 446 1082; x_wconf 87' lang='lat' dir='ltr'>leges</span> <span class='ocrx_word' id='word_1_81' title='bbox 455 1013 490 1066; x_wconf 82' lang='lat' dir='ltr'>sas</span> <span class='ocrx_word' id='word_1_82' title='bbox 500 1026 555 1074; x_wconf 82' lang='lat' dir='ltr'>erat,</span> <span class='ocrx_word' id='word_1_83' title='bbox 571 1016 670 1078; x_wconf 86' lang='lat' dir='ltr'>emendi)</span> <span class='ocrx_word' id='word_1_84' title='bbox 682 1020 817 1074; x_wconf 65' lang='lat' dir='ltr'>oonsulibus,</span> 
     </span>
     <span class='ocr_line' id='line_1_14' title="bbox 156 1083 819 1147; baseline -0.002 -17"><span class='ocrx_word' id='word_1_85' title='bbox 156 1085 295 1147; x_wconf 60' lang='lat' dir='ltr'>pretorianis.</span> <span class='ocrx_word' id='word_1_86' title='bbox 311 1084 426 1130; x_wconf 84' lang='lat' dir='ltr'>ditissimis</span> <span class='ocrx_word' id='word_1_87' title='bbox 440 1084 572 1144; x_wconf 73' lang='lat' dir='ltr'>quibusque,</span> <span class='ocrx_word' id='word_1_88' title='bbox 588 1083 714 1130; x_wconf 81' lang='lat' dir='ltr'>volentibus</span> <span class='ocrx_word' id='word_1_89' title='bbox 728 1091 769 1130; x_wconf 85' lang='lat' dir='ltr'>aut</span> <span class='ocrx_word' id='word_1_90' title='bbox 784 1085 819 1130; x_wconf 86' lang='lat' dir='ltr'>iu·</span> 
     </span>
     <span class='ocr_line' id='line_1_15' title="bbox 157 1148 820 1210; baseline -0.002 -15"><span class='ocrx_word' id='word_1_91' title='bbox 157 1149 217 1204; x_wconf 84' lang='lat' dir='ltr'>vitis,</span> <span class='ocrx_word' id='word_1_92' title='bbox 233 1148 340 1203; x_wconf 83' lang='lat' dir='ltr'>vendidit,</span> <span class='ocrx_word' id='word_1_93' title='bbox 355 1149 427 1210; x_wconf 91' lang='lat' dir='ltr'>pretia</span> <span class='ocrx_word' id='word_1_94' title='bbox 439 1162 511 1209; x_wconf 88' lang='lat' dir='ltr'>usque</span> <span class='ocrx_word' id='word_1_95' title='bbox 527 1163 555 1195; x_wconf 88' lang='lat' dir='ltr'>eo</span> <span class='ocrx_word' id='word_1_96' title='bbox 569 1149 700 1204; x_wconf 86' lang='lat' dir='ltr'>extendens,</span> <span class='ocrx_word' id='word_1_97' title='bbox 717 1156 745 1194; x_wconf 86' lang='lat' dir='ltr'>ut</span> <span class='ocrx_word' id='word_1_98' title='bbox 761 1163 820 1194; x_wconf 91' lang='lat' dir='ltr'>nou·</span> 
     </span>
     <span class='ocr_line' id='line_1_16' title="bbox 159 1212 822 1268; baseline 0 -8"><span class='ocrx_word' id='word_1_99' title='bbox 159 1213 215 1260; x_wconf 89' lang='lat' dir='ltr'>nulii</span> <span class='ocrx_word' id='word_1_100' title='bbox 226 1227 300 1260; x_wconf 66' lang='lat' dir='ltr'>nnec</span> <span class='ocrx_word' id='word_1_101' title='bbox 309 1212 388 1268; x_wconf 83' lang='lat' dir='ltr'>eoacti.</span> <span class='ocrx_word' id='word_1_102' title='bbox 404 1220 429 1258; x_wconf 86' lang='lat' dir='ltr'>ct</span> <span class='ocrx_word' id='word_1_103' title='bbox 438 1214 504 1259; x_wconf 85' lang='lat' dir='ltr'>bonis</span> <span class='ocrx_word' id='word_1_104' title='bbox 513 1214 583 1266; x_wconf 85' lang='lat' dir='ltr'>exuti,</span> <span class='ocrx_word' id='word_1_105' title='bbox 599 1227 668 1260; x_wconf 82' lang='lat' dir='ltr'>renas</span> <span class='ocrx_word' id='word_1_106' title='bbox 683 1212 724 1258; x_wconf 83' lang='lat' dir='ltr'>sibi</span> <span class='ocrx_word' id='word_1_107' title='bbox 736 1213 822 1260; x_wconf 86' lang='lat' dir='ltr'>incide·</span> 
     </span>
    </p>
   </div>
   <div class='ocr_carea' id='block_1_3' title="bbox 159 1271 914 1338">
    <p class='ocr_par' dir='ltr' id='par_1_4' title="bbox 159 1271 914 1338">
     <span class='ocr_line' id='line_1_17' title="bbox 159 1271 914 1338; baseline 0.001 -15"><span class='ocrx_word' id='word_1_108' title='bbox 159 1276 459 1324; x_wconf 65' lang='lat' dir='ltr'>rmtztnodutenteretiam</span> <span class='ocrx_word' id='word_1_109' title='bbox 470 1277 586 1338; x_wconf 75' lang='lat' dir='ltr'>irrepebat,</span> <span class='ocrx_word' id='word_1_110' title='bbox 598 1278 630 1324; x_wconf 83' lang='lat' dir='ltr'>uti</span> <span class='ocrx_word' id='word_1_111' title='bbox 641 1271 782 1338; x_wconf 65' lang='lat' dir='ltr'>compertum</span> <span class='ocrx_word' id='word_1_112' title='bbox 793 1278 822 1324; x_wconf 71' lang='grc' dir='ltr'>(ιε</span> <span class='ocrx_word' id='word_1_113' title='bbox 913 1291 914 1306; x_wconf 70' lang='lat'><em>2</em></span> 
     </span>
    </p>
   </div>
   <div class='ocr_carea' id='block_1_4' title="bbox 159 1339 823 1404">
    <p class='ocr_par' dir='ltr' id='par_1_5' title="bbox 159 1339 823 1404">
     <span class='ocr_line' id='line_1_18' title="bbox 159 1339 823 1404; baseline 0 -16"><span class='ocrx_word' id='word_1_114' title='bbox 159 1341 252 1402; x_wconf 82' lang='lat' dir='ltr'>Aponio</span> <span class='ocrx_word' id='word_1_115' title='bbox 263 1340 390 1396; x_wconf 65' lang='lat' dir='ltr'>&amp;tramine</span> <span class='ocrx_word' id='word_1_116' title='bbox 406 1357 474 1404; x_wconf 84' lang='lat' dir='ltr'>quern</span> <span class='ocrx_word' id='word_1_117' title='bbox 491 1355 544 1388; x_wconf 87' lang='lat' dir='ltr'>cum</span> <span class='ocrx_word' id='word_1_118' title='bbox 559 1339 628 1390; x_wconf 89' lang='lat' dir='ltr'>Caius</span> <span class='ocrx_word' id='word_1_119' title='bbox 644 1343 703 1388; x_wconf 85' lang='lat' dir='ltr'>inter</span> <span class='ocrx_word' id='word_1_120' title='bbox 718 1341 823 1388; x_wconf 80' lang='lat' dir='ltr'>subsellia</span> 
     </span>
    </p>
   </div>
   <div class='ocr_carea' id='block_1_5' title="bbox 159 1405 915 1468">
    <p class='ocr_par' dir='ltr' id='par_1_6' title="bbox 159 1405 915 1468">
     <span class='ocr_line' id='line_1_19' title="bbox 159 1405 915 1468; baseline 0.004 -17"><span class='ocrx_word' id='word_1_121' title='bbox 159 1405 316 1452; x_wconf 68' lang='lat' dir='ltr'>dormitantem</span> <span class='ocrx_word' id='word_1_122' title='bbox 326 1406 425 1462; x_wconf 85' lang='lat' dir='ltr'>vidisset,</span> <span class='ocrx_word' id='word_1_123' title='bbox 441 1421 569 1468; x_wconf 76' lang='lat' dir='ltr'>praeconem</span> <span class='ocrx_word' id='word_1_124' title='bbox 580 1406 675 1461; x_wconf 83' lang='lat' dir='ltr'>monuit,</span> <span class='ocrx_word' id='word_1_125' title='bbox 692 1420 720 1452; x_wconf 87' lang='lat' dir='ltr'>ue</span> <span class='ocrx_word' id='word_1_126' title='bbox 736 1412 822 1466; x_wconf 74' lang='lat' dir='ltr'>preto·</span> <span class='ocrx_word' id='word_1_127' title='bbox 914 1442 915 1454; x_wconf 48' lang='grc' dir='ltr'>ι</span> 
     </span>
    </p>
   </div>
   <div class='ocr_carea' id='block_1_6' title="bbox 159 1470 832 2176">
    <p class='ocr_par' dir='ltr' id='par_1_7' title="bbox 159 1470 826 1855">
     <span class='ocr_line' id='line_1_20' title="bbox 159 1470 823 1533; baseline 0.003 -17"><span class='ocrx_word' id='word_1_128' title='bbox 159 1470 218 1517; x_wconf 86' lang='lat' dir='ltr'>rium</span> <span class='ocrx_word' id='word_1_129' title='bbox 227 1470 301 1516; x_wconf 81' lang='lat' dir='ltr'>virum</span> <span class='ocrx_word' id='word_1_130' title='bbox 312 1471 390 1518; x_wconf 87' lang='lat' dir='ltr'>crebro</span> <span class='ocrx_word' id='word_1_131' title='bbox 400 1471 479 1533; x_wconf 86' lang='lat' dir='ltr'>capitis</span> <span class='ocrx_word' id='word_1_132' title='bbox 485 1478 548 1519; x_wconf 86' lang='lat' dir='ltr'>motu</span> <span class='ocrx_word' id='word_1_133' title='bbox 556 1478 671 1518; x_wconf 83' lang='lat' dir='ltr'>nutantem</span> <span class='ocrx_word' id='word_1_134' title='bbox 679 1470 720 1516; x_wconf 91' lang='lat' dir='ltr'>sibi</span> <span class='ocrx_word' id='word_1_135' title='bbox 727 1477 823 1530; x_wconf 74' lang='lat' dir='ltr'>pretet·-</span> 
     </span>
     <span class='ocr_line' id='line_1_21' title="bbox 161 1533 823 1597; baseline 0.003 -17"><span class='ocrx_word' id='word_1_136' title='bbox 161 1535 211 1582; x_wconf 84' lang='lat' dir='ltr'>iret.</span> <span class='ocrx_word' id='word_1_137' title='bbox 242 1533 294 1582; x_wconf 88' lang='lat' dir='ltr'>Nee</span> <span class='ocrx_word' id='word_1_138' title='bbox 310 1535 391 1582; x_wconf 85' lang='lat' dir='ltr'>licendi</span> <span class='ocrx_word' id='word_1_139' title='bbox 409 1533 549 1591; x_wconf 81' lang='lat' dir='ltr'>duis&#39;iactus,</span> <span class='ocrx_word' id='word_1_140' title='bbox 566 1535 640 1595; x_wconf 86' lang='lat' dir='ltr'>quoad</span> <span class='ocrx_word' id='word_1_141' title='bbox 650 1535 758 1581; x_wconf 77' lang='lat' dir='ltr'>tredecim</span> <span class='ocrx_word' id='word_1_142' title='bbox 768 1536 823 1597; x_wconf 86' lang='lat' dir='ltr'>¹gla-</span> 
     </span>
     <span class='ocr_line' id='line_1_22' title="bbox 161 1599 824 1662; baseline 0 -16"><span class='ocrx_word' id='word_1_143' title='bbox 161 1599 259 1648; x_wconf 83' lang='lat' dir='ltr'>diatores</span> <span class='ocrx_word' id='word_1_144' title='bbox 269 1599 396 1647; x_wconf 69' lang='lat' dir='ltr'>mtcrtidrn</span> <span class='ocrx_word' id='word_1_145' title='bbox 406 1601 515 1662; x_wconf 73' lang='lat' dir='ltr'>nonagies</span> <span class='ocrx_word' id='word_1_146' title='bbox 530 1601 569 1648; x_wconf 84' lang='lat' dir='ltr'>vix</span> <span class='ocrx_word' id='word_1_147' title='bbox 581 1600 705 1662; x_wconf 82' lang='lat' dir='ltr'>expergite,</span> <span class='ocrx_word' id='word_1_148' title='bbox 721 1607 746 1646; x_wconf 87' lang='lat' dir='ltr'>et</span> <span class='ocrx_word' id='word_1_149' title='bbox 756 1601 824 1662; x_wconf 87' lang='lat' dir='ltr'>igno-</span> 
     </span>
     <span class='ocr_line' id='line_1_23' title="bbox 162 1664 826 1726; baseline 0.002 -15"><span class='ocrx_word' id='word_1_150' title='bbox 162 1664 227 1718; x_wconf 83' lang='lat' dir='ltr'>ranti.</span> <span class='ocrx_word' id='word_1_151' title='bbox 242 1664 404 1712; x_wconf 71' lang='lat' dir='ltr'>addicerentur.</span> <span class='ocrx_word' id='word_1_152' title='bbox 435 1664 543 1712; x_wconf 85' lang='lat' dir='ltr'>Nondum</span> <span class='ocrx_word' id='word_1_153' title='bbox 555 1664 669 1726; x_wconf 78' lang='lat' dir='ltr'>rapacitati</span> <span class='ocrx_word' id='word_1_154' title='bbox 685 1664 739 1724; x_wconf 78' lang='lat' dir='ltr'>satis</span> <span class='ocrx_word' id='word_1_155' title='bbox 749 1681 755 1710; x_wconf 89' lang='lat'>:</span> <span class='ocrx_word' id='word_1_156' title='bbox 764 1665 826 1726; x_wconf 75' lang='lat' dir='ltr'>,gla-</span> 
     </span>
     <span class='ocr_line' id='line_1_24' title="bbox 162 1729 825 1790; baseline 0.002 -15"><span class='ocrx_word' id='word_1_157' title='bbox 162 1729 266 1783; x_wconf 74' lang='lat' dir='ltr'>dictores,</span> <span class='ocrx_word' id='word_1_158' title='bbox 282 1745 359 1789; x_wconf 84' lang='lat' dir='ltr'>equos,</span> <span class='ocrx_word' id='word_1_159' title='bbox 375 1729 504 1790; x_wconf 74' lang='lat' dir='ltr'>agitatores,</span> <span class='ocrx_word' id='word_1_160' title='bbox 520 1730 623 1777; x_wconf 88' lang='lat' dir='ltr'>venditos</span> <span class='ocrx_word' id='word_1_161' title='bbox 636 1743 725 1776; x_wconf 83' lang='lat' dir='ltr'>veneno</span> <span class='ocrx_word' id='word_1_162' title='bbox 743 1743 825 1776; x_wconf 79' lang='lat' dir='ltr'>enece-</span> 
     </span>
     <span class='ocr_line' id='line_1_25' title="bbox 161 1793 652 1855; baseline 0.008 -17"><span class='ocrx_word' id='word_1_163' title='bbox 161 1793 206 1846; x_wconf 83' lang='lat' dir='ltr'>bat,</span> <span class='ocrx_word' id='word_1_164' title='bbox 223 1800 249 1838; x_wconf 91' lang='lat' dir='ltr'>ut</span> <span class='ocrx_word' id='word_1_165' title='bbox 259 1793 314 1840; x_wconf 80' lang='lat' dir='ltr'>aiios</span> <span class='ocrx_word' id='word_1_166' title='bbox 325 1793 427 1841; x_wconf 82' lang='lat' dir='ltr'>emtitate</span> <span class='ocrx_word' id='word_1_167' title='bbox 436 1800 537 1855; x_wconf 81' lang='lat' dir='ltr'>cogeret.</span> <span class='ocrx_word' id='word_1_168' title='bbox 648 1811 652 1820; x_wconf 87' lang='lat'>·</span> 
     </span>
    </p>

    <p class='ocr_par' dir='ltr' id='par_1_8' title="bbox 159 1853 832 2176">
     <span class='ocr_line' id='line_1_26' title="bbox 197 1853 829 1920; baseline 0.005 -16"><span class='ocrx_word' id='word_1_169' title='bbox 197 1853 279 1920; x_wconf 84' lang='lat' dir='ltr'>[Hanc</span> <span class='ocrx_word' id='word_1_170' title='bbox 289 1873 377 1919; x_wconf 86' lang='lat' dir='ltr'>quoque</span> <span class='ocrx_word' id='word_1_171' title='bbox 387 1858 482 1906; x_wconf 80' lang='lat' dir='ltr'>luxuriae</span> <span class='ocrx_word' id='word_1_172' title='bbox 493 1859 607 1906; x_wconf 85' lang='lat' dir='ltr'>vesaniam</span> <span class='ocrx_word' id='word_1_173' title='bbox 614 1858 723 1912; x_wconf 84' lang='lat' dir='ltr'>laudibus,</span> <span class='ocrx_word' id='word_1_174' title='bbox 740 1858 829 1913; x_wconf 71' lang='lat' dir='ltr'>studiis,</span> 
     </span>
     <span class='ocr_line' id='line_1_27' title="bbox 163 1921 830 1987; baseline 0.003 -19"><span class='ocrx_word' id='word_1_175' title='bbox 163 1936 190 1968; x_wconf 86' lang='lat' dir='ltr'>ae</span> <span class='ocrx_word' id='word_1_176' title='bbox 200 1923 449 1987; x_wconf 68' lang='lat' dir='ltr'>praemiisineendebat3</span> <span class='ocrx_word' id='word_1_177' title='bbox 467 1923 514 1984; x_wconf 87' lang='lat' dir='ltr'>ipse</span> <span class='ocrx_word' id='word_1_178' title='bbox 525 1921 627 1970; x_wconf 82' lang='lat' dir='ltr'>Prasinae</span> <span class='ocrx_word' id='word_1_179' title='bbox 640 1921 732 1972; x_wconf 83' lang='lat' dir='ltr'>factioni</span> <span class='ocrx_word' id='word_1_180' title='bbox 743 1923 777 1969; x_wconf 89' lang='lat' dir='ltr'>ita</span> <span class='ocrx_word' id='word_1_181' title='bbox 788 1923 830 1970; x_wconf 89' lang='lat' dir='ltr'>ad-</span> 
     </span>
     <span class='ocr_line' id='line_1_28' title="bbox 163 1986 832 2050; baseline 0.006 -18"><span class='ocrx_word' id='word_1_182' title='bbox 163 1986 243 2043; x_wconf 74' lang='lat' dir='ltr'>dictos,</span> <span class='ocrx_word' id='word_1_183' title='bbox 252 1993 277 2034; x_wconf 88' lang='lat' dir='ltr'>ut</span> <span class='ocrx_word' id='word_1_184' title='bbox 287 1988 311 2035; x_wconf 88' lang='lat' dir='ltr'>io</span> <span class='ocrx_word' id='word_1_185' title='bbox 322 1989 370 2050; x_wconf 84' lang='lat' dir='ltr'>ejus</span> <span class='ocrx_word' id='word_1_186' title='bbox 377 1988 464 2034; x_wconf 65' lang='lat' dir='ltr'>subulo</span> <span class='ocrx_word' id='word_1_187' title='bbox 472 1987 560 2035; x_wconf 78' lang='lat' dir='ltr'>assidue</span> <span class='ocrx_word' id='word_1_188' title='bbox 570 1993 676 2041; x_wconf 76' lang='lat' dir='ltr'>coenaret,</span> <span class='ocrx_word' id='word_1_189' title='bbox 687 1994 711 2033; x_wconf 87' lang='lat' dir='ltr'>et</span> <span class='ocrx_word' id='word_1_190' title='bbox 722 1987 832 2049; x_wconf 81' lang='lat' dir='ltr'>agitatori</span> 
     </span>
     <span class='ocr_line' id='line_1_29' title="bbox 164 2049 831 2114; baseline 0 -16"><span class='ocrx_word' id='word_1_191' title='bbox 164 2049 273 2112; x_wconf 86' lang='lat' dir='ltr'>Eutycho</span> <span class='ocrx_word' id='word_1_192' title='bbox 291 2052 448 2100; x_wconf 85' lang='lat' dir='ltr'>comissatione</span> <span class='ocrx_word' id='word_1_193' title='bbox 460 2049 556 2112; x_wconf 65' lang='lat' dir='ltr'>quddam</span> <span class='ocrx_word' id='word_1_194' title='bbox 566 2053 589 2114; x_wconf 83' lang='lat' dir='ltr'>in</span> <span class='ocrx_word' id='word_1_195' title='bbox 601 2052 743 2113; x_wconf 81' lang='lat' dir='ltr'>apophoretis</span> <span class='ocrx_word' id='word_1_196' title='bbox 758 2053 831 2099; x_wconf 85' lang='lat' dir='ltr'>vicies</span> 
     </span>
     <span class='ocr_line' id='line_1_30' title="bbox 159 2114 832 2176; baseline 0.001 -14"><span class='ocrx_word' id='word_1_197' title='bbox 159 2116 293 2164; x_wconf 78' lang='lat' dir='ltr'>sestertium</span> <span class='ocrx_word' id='word_1_198' title='bbox 301 2116 419 2164; x_wconf 84' lang='lat' dir='ltr'>conferret.</span> <span class='ocrx_word' id='word_1_199' title='bbox 444 2114 701 2170; x_wconf 66' lang='lat' dir='ltr'>comminutione</span> <span class='ocrx_word' id='word_1_200' title='bbox 712 2131 832 2176; x_wconf 82' lang='lat' dir='ltr'>nunquam</span> 
     </span>
    </p>
   </div>
   <div class='ocr_carea' id='block_1_7' title="bbox 163 2179 832 2307">
    <p class='ocr_par' dir='ltr' id='par_1_9' title="bbox 163 2179 832 2307">
     <span class='ocr_line' id='line_1_31' title="bbox 164 2179 832 2243; baseline 0.004 -17"><span class='ocrx_word' id='word_1_201' title='bbox 164 2180 194 2226; x_wconf 83' lang='lat' dir='ltr'>sit</span> <span class='ocrx_word' id='word_1_202' title='bbox 204 2181 291 2235; x_wconf 83' lang='lat' dir='ltr'>nrodua,</span> <span class='ocrx_word' id='word_1_203' title='bbox 307 2196 389 2242; x_wconf 59' lang='lat' dir='ltr'>quum</span> <span class='ocrx_word' id='word_1_204' title='bbox 400 2196 473 2238; x_wconf 82' lang='lat' dir='ltr'>suum,</span> <span class='ocrx_word' id='word_1_205' title='bbox 489 2196 556 2243; x_wconf 90' lang='lat' dir='ltr'>quem</span> <span class='ocrx_word' id='word_1_206' title='bbox 565 2179 686 2236; x_wconf 69' lang='lat' dir='ltr'>Incitantur</span> <span class='ocrx_word' id='word_1_207' title='bbox 697 2181 832 2243; x_wconf 70' lang='lat' dir='ltr'>appellabat</span> 
     </span>
     <span class='ocr_line' id='line_1_32' title="bbox 163 2244 832 2307; baseline 0.007 -18"><span class='ocrx_word' id='word_1_208' title='bbox 163 2244 265 2291; x_wconf 84' lang='lat' dir='ltr'>civilibus</span> <span class='ocrx_word' id='word_1_209' title='bbox 282 2247 402 2293; x_wconf 87' lang='lat' dir='ltr'>honoribus</span> <span class='ocrx_word' id='word_1_210' title='bbox 418 2246 507 2292; x_wconf 84' lang='lat' dir='ltr'>extulit.</span> <span class='ocrx_word' id='word_1_211' title='bbox 539 2245 627 2292; x_wconf 82' lang='lat' dir='ltr'>Praeter</span> <span class='ocrx_word' id='word_1_212' title='bbox 641 2245 715 2307; x_wconf 88' lang='lat' dir='ltr'>equile</span> <span class='ocrx_word' id='word_1_213' title='bbox 729 2261 832 2294; x_wconf 81' lang='lat' dir='ltr'>marmo-</span> 
     </span>
    </p>
   </div>
   <div class='ocr_carea' id='block_1_8' title="bbox 164 2310 837 2696">
    <p class='ocr_par' dir='ltr' id='par_1_10' title="bbox 164 2310 837 2696">
     <span class='ocr_line' id='line_1_33' title="bbox 165 2310 832 2372; baseline 0.007 -20"><span class='ocrx_word' id='word_1_214' title='bbox 165 2322 237 2363; x_wconf 87' lang='lat' dir='ltr'>reum,</span> <span class='ocrx_word' id='word_1_215' title='bbox 246 2315 270 2354; x_wconf 94' lang='lat' dir='ltr'>et</span> <span class='ocrx_word' id='word_1_216' title='bbox 279 2325 379 2370; x_wconf 77' lang='lat' dir='ltr'>praesepe</span> <span class='ocrx_word' id='word_1_217' title='bbox 390 2310 518 2365; x_wconf 79' lang='lat' dir='ltr'>eburneum,</span> <span class='ocrx_word' id='word_1_218' title='bbox 531 2311 832 2372; x_wconf 85' lang='lat' dir='ltr'>purpureaquetcgimenta,</span> 
     </span>
     <span class='ocr_line' id='line_1_34' title="bbox 164 2372 835 2435; baseline 0.009 -21"><span class='ocrx_word' id='word_1_219' title='bbox 164 2384 192 2414; x_wconf 82' lang='lat' dir='ltr'>ac</span> <span class='ocrx_word' id='word_1_220' title='bbox 208 2372 293 2419; x_wconf 85' lang='lat' dir='ltr'>mouile</span> <span class='ocrx_word' id='word_1_221' title='bbox 303 2387 316 2417; x_wconf 89' lang='lat' dir='ltr'>e</span> <span class='ocrx_word' id='word_1_222' title='bbox 326 2374 429 2433; x_wconf 81' lang='lat' dir='ltr'>gemmis,</span> <span class='ocrx_word' id='word_1_223' title='bbox 445 2375 538 2422; x_wconf 87' lang='lat' dir='ltr'>domum</span> <span class='ocrx_word' id='word_1_224' title='bbox 555 2389 644 2435; x_wconf 86' lang='lat' dir='ltr'>quoque</span> <span class='ocrx_word' id='word_1_225' title='bbox 654 2381 678 2421; x_wconf 88' lang='lat' dir='ltr'>et</span> <span class='ocrx_word' id='word_1_226' title='bbox 687 2373 797 2422; x_wconf 85' lang='lat' dir='ltr'>familiam</span> <span class='ocrx_word' id='word_1_227' title='bbox 808 2382 835 2434; x_wconf 74' lang='lat' dir='ltr'>et</span> 
     </span>
     <span class='ocr_line' id='line_1_35' title="bbox 165 2433 835 2500; baseline 0.015 -24"><span class='ocrx_word' id='word_1_228' title='bbox 165 2433 326 2494; x_wconf 86' lang='lat' dir='ltr'>supellectilem</span> <span class='ocrx_word' id='word_1_229' title='bbox 336 2436 404 2490; x_wconf 84' lang='lat' dir='ltr'>dedit,</span> <span class='ocrx_word' id='word_1_230' title='bbox 419 2452 465 2497; x_wconf 91' lang='lat' dir='ltr'>quo</span> <span class='ocrx_word' id='word_1_231' title='bbox 475 2439 558 2485; x_wconf 86' lang='lat' dir='ltr'>lautius</span> <span class='ocrx_word' id='word_1_232' title='bbox 572 2439 727 2500; x_wconf 81' lang='lat' dir='ltr'>nomineejus</span> <span class='ocrx_word' id='word_1_233' title='bbox 739 2439 835 2486; x_wconf 83' lang='lat' dir='ltr'>invitati</span> 
     </span>
     <span class='ocr_line' id='line_1_36' title="bbox 165 2495 835 2562; baseline 0.013 -21"><span class='ocrx_word' id='word_1_234' title='bbox 165 2495 327 2555; x_wconf 84' lang='lat' dir='ltr'>exciperentur.</span> <span class='ocrx_word' id='word_1_235' title='bbox 360 2498 501 2562; x_wconf 76' lang='lat' dir='ltr'>Quandoque</span> <span class='ocrx_word' id='word_1_236' title='bbox 511 2503 579 2550; x_wconf 81' lang='lat' dir='ltr'>etiam</span> <span class='ocrx_word' id='word_1_237' title='bbox 590 2517 642 2550; x_wconf 93' lang='lat' dir='ltr'>eum</span> <span class='ocrx_word' id='word_1_238' title='bbox 653 2503 682 2549; x_wconf 91' lang='lat' dir='ltr'>ad</span> <span class='ocrx_word' id='word_1_239' title='bbox 689 2516 782 2550; x_wconf 86' lang='lat' dir='ltr'>coenam</span> <span class='ocrx_word' id='word_1_240' title='bbox 790 2519 835 2550; x_wconf 86' lang='lat' dir='ltr'>ro·</span> 
     </span>
     <span class='ocr_line' id='line_1_37' title="bbox 165 2559 835 2628; baseline 0.018 -25"><span class='ocrx_word' id='word_1_241' title='bbox 165 2559 239 2612; x_wconf 76' lang='lat' dir='ltr'>cahat,</span> <span class='ocrx_word' id='word_1_242' title='bbox 252 2560 353 2606; x_wconf 85' lang='lat' dir='ltr'>inaurato</span> <span class='ocrx_word' id='word_1_243' title='bbox 361 2561 444 2611; x_wconf 84' lang='lat' dir='ltr'>hordeo</span> <span class='ocrx_word' id='word_1_244' title='bbox 455 2568 564 2628; x_wconf 87' lang='lat' dir='ltr'>apposito,</span> <span class='ocrx_word' id='word_1_245' title='bbox 580 2568 679 2627; x_wconf 88' lang='lat' dir='ltr'>vinoque</span> <span class='ocrx_word' id='word_1_246' title='bbox 689 2567 779 2628; x_wconf 86' lang='lat' dir='ltr'>poculis</span> <span class='ocrx_word' id='word_1_247' title='bbox 791 2583 835 2615; x_wconf 91' lang='lat' dir='ltr'>au·</span> 
     </span>
     <span class='ocr_line' id='line_1_38' title="bbox 166 2623 837 2696; baseline 0.015 -28"><span class='ocrx_word' id='word_1_248' title='bbox 166 2623 210 2668; x_wconf 86' lang='lat' dir='ltr'>reis</span> <span class='ocrx_word' id='word_1_249' title='bbox 221 2623 359 2672; x_wconf 73' lang='lat' dir='ltr'>ministrator</span> <span class='ocrx_word' id='word_1_250' title='bbox 377 2639 418 2687; x_wconf 88' lang='lat' dir='ltr'>per</span> <span class='ocrx_word' id='word_1_251' title='bbox 428 2629 477 2692; x_wconf 74' lang='lat' dir='ltr'>ejus</span> <span class='ocrx_word' id='word_1_252' title='bbox 487 2631 583 2680; x_wconf 84' lang='lat' dir='ltr'>salutem</span> <span class='ocrx_word' id='word_1_253' title='bbox 598 2638 622 2679; x_wconf 90' lang='lat' dir='ltr'>et</span> <span class='ocrx_word' id='word_1_254' title='bbox 634 2629 717 2680; x_wconf 85' lang='lat' dir='ltr'>samam</span> <span class='ocrx_word' id='word_1_255' title='bbox 724 2632 837 2696; x_wconf 74' lang='lat' dir='ltr'>jurabat3</span> 
     </span>
    </p>
   </div>
   <div class='ocr_carea' id='block_1_9' title="bbox 0 0 947 2909">
    <p class='ocr_par' dir='ltr' id='par_1_11' title="bbox 0 0 947 2909">
     <span class='ocr_line' id='line_1_39' title="bbox 0 0 947 2909; baseline 0 0"><span class='ocrx_word' id='word_1_256' title='bbox 0 0 947 2909; x_wconf 95' lang='lat' dir='ltr'> </span> 
     </span>
    </p>
   </div>
  </div>
 </body>
</html>
