1842 2909
46 137 49 140 ’
98 145 205 190 hstes·
251 137 445 192 ANNALIUM
461 140 776 197 Ln.XI.0ar.28.'sl't

140 271 240 322 XXVI.
256 271 309 322 Jsm
318 271 452 330 Messalina,
462 273 571 322 facilitate
580 275 740 326 adulteriorum
752 277 777 323 in

101 341 223 389 fastidium
236 355 309 394 versa,
328 339 357 386 sd
373 340 501 402 incognitss
519 341 621 388 libidines
638 341 777 404 profluebat3

104 421 162 455 cum
172 406 271 467 abrumpi
282 405 483 454 dissimulationem
491 407 560 453 etiam
569 406 646 463 Silius,
658 408 707 454 siue
714 407 778 453 lateii

103 468 221 524 vecordii,
247 485 276 518 an
295 471 461 518 imminentium
480 473 632 533 periculorum
654 473 779 519 remedium

106 536 265 600 ipsepericuis
275 543 345 590 ratus,
356 537 457 599 urgebat
482 537 574 599 Quippe
582 553 627 585 uon
639 553 667 584 eo
678 545 780 592 ventum,

51 637 54 641 -
107 611 138 650 ut
156 609 268 649 senectam
286 602 392 664 principis
411 603 577 664 opperirentur:
600 603 726 650 insontibus
743 604 781 649 in·
875 610 877 613 '

107 669 180 716 noxie
191 667 295 723 consiiia;
314 665 407 727 flagitiis
417 667 542 714 manifestis
558 669 680 715 subsidium
697 669 726 714 ab
739 683 782 714 au-

108 731 176 782 escit
183 733 316 794 petendum:
330 732 409 779 adesse
416 733 527 787 conscios,
537 734 739 796 pariametuentes.
751 733 783 780 so

108 799 223 852 coeiibem,
243 797 328 850 orbum,
347 799 436 860 nuptiis,
459 805 484 844 et
501 798 627 860 adoptando
649 798 782 844 Britannico

108 870 226 928 paratum:
246 877 374 908 mensurum
386 863 489 910 eamdem
497 863 637 910 Messalinae
649 866 782 925 potentiam,

110 927 191 976 additi
200 928 324 980 securitate,
334 927 352 974 si
365 929 516 989 prevenirent
525 924 652 984 Claudiurn,
661 935 687 975 nt
697 928 785 975 insidiis
846 949 853 961 ·

110 997 236 1048 incautum,
250 993 281 1039 ita
293 993 333 1038 irse
341 1009 468 1055 properum.
502 993 607 1056 Segniter
618 995 654 1040 hae
665 1009 734 1040 voces
745 1008 784 1040 ac·

110 1066 194 1120 ceptae,
206 1074 252 1105 non
263 1073 339 1104 eruore
349 1059 373 1104 in
381 1059 500 1116 meritum
517 1059 563 1112 sed,
574 1074 604 1105 ne
615 1059 685 1106 Silius
695 1073 785 1106 summa

111 1126 208 1186 adeptus
225 1132 340 1185 sperneret
358 1123 488 1178 adulteram,
506 1124 631 1184 scelusque,
648 1125 707 1170 inter
722 1124 784 1170 anci·

111 1191 172 1254 pitia
181 1190 307 1250 probatum,
314 1189 373 1234 veris
384 1203 439 1236 mox
449 1189 527 1252 pretiis
538 1190 668 1240 aestimaret.
691 1188 786 1236 Nomen

112 1263 193 1302 tamen
210 1254 346 1301 matrimonii
360 1255 496 1315 concupivit,
511 1255 540 1300 ob
555 1255 734 1316 magnitudinem
749 1254 786 1299 in·

112 1319 198 1376 fanniae,
214 1321 278 1382 cujus
295 1319 354 1381 apud
369 1320 476 1382 prodigos
492 1320 616 1366 norissima
625 1320 789 1381 voluptnsest.

115 1385 172 1433 Nec
190 1384 249 1432 ultre
270 1391 407 1446 exspectato,
430 1400 498 1446 quam
521 1385 575 1431 dum
594 1384 697 1432 sacrificii
714 1381 789 1446 grstiai

116 1449 228 1499 Claudius
245 1449 335 1510 Ostiam
356 1448 542 1512 proficisceretur,
561 1457 644 1498 cuncta
659 1451 788 1512 nuptiarum

113 1515 344 1572 sollennisoelebrst.
534 1527 538 1537 *
680 1547 686 1555 .

154 1578 265 1628 XXVII.
282 1579 353 1628 Heud
363 1590 414 1632 sum
424 1581 525 1643 ignarus,
536 1580 663 1628 iubuiosum
672 1579 789 1635 vbumiri.

114 1653 208 1695 tantum
219 1645 271 1692 ullis
282 1647 411 1693 mortalium
424 1646 550 1692 securitatis
568 1644 646 1700 fuisse,
661 1645 791 1692 incivitate

115 1713 220 1760 omnium
238 1709 309 1772 gnari
326 1718 351 1758 et
367 1711 423 1757 nibil
439 1711 554 1765 reticente,
572 1711 656 1758 nedum
673 1710 808 1757 eonsules

115 1778 269 1838 designatum,
285 1791 337 1823 cum
355 1791 427 1824 uxore
442 1776 555 1837 principis,
570 1774 680 1838 praedicti
694 1775 737 1828 die,
749 1775 789 1820 ed-

114 1841 195 1890 bibitis
206 1841 244 1902 qui
254 1842 406 1904 obsignarent,
421 1841 485 1888 velut
500 1841 693 1903 suscipiendorum
707 1840 790 1887 libero·

116 1921 171 1956 rum
180 1905 254 1960 causi,
266 1907 409 1954 convenisset
430 1906 564 1966 atqueiilam
575 1902 665 1952 audisse
675 1905 791 1966 auspicum

116 1973 199 2029 verbo,
217 1969 310 2026 subisse,
334 1970 472 2019 sucrificisse
489 1972 549 2033 apud
563 1971 637 2018 deos:
657 1970 792 2017 discubitum

116 2039 181 2086 inter
192 2038 311 2084 convivas:
331 2037 414 2091 osculo,
431 2037 573 2098 complexus:
594 2043 685 2082 nomem
696 2035 793 2094 denique

116 2109 197 2152 actem
207 2100 298 2149 licentii
308 2103 429 2166 conjugali.
462 2102 510 2148 Sed
519 2102 575 2148 nibil
585 2101 736 2164 compositum
747 2100 792 2145 mi·

116 2167 193 2215 racrrli
204 2164 278 2222 musi,
288 2183 368 2215 rerum
380 2168 456 2214 audite
470 2167 598 2230 scriptoque
611 2166 736 2213 senioribus
747 2171 794 2211 tra·

158 2295 286 2354 XXVIII.
301 2297 381 2360 Igitur
401 2299 482 2345 domus
508 2297 616 2359 principis
636 2297 793 2343 inhorruerat:

119 2363 343 2424 maximeque,quos
355 2379 424 2425 penes
435 2363 543 2425 potentia¹
555 2371 585 2417 ct,
598 2363 617 2408 si
629 2377 665 2408 res
672 2365 795 2414 verterent,

120 2427 229 2483 fonnido,
241 2443 288 2475 non
294 2430 343 2490 jam
355 2429 447 2474 secretis
458 2428 583 2490 colloquiis,
602 2427 642 2472 sed
656 2432 734 2487 operto
748 2424 795 2470 ire

121 2507 196 2547 mere,
207 2491 273 2539 Dum
288 2494 367 2540 histrio
385 2493 512 2540 cubiculum
526 2493 634 2555 principis
644 2489 797 2542 insultaverit,

123 2559 225 2606 dedecus
243 2559 333 2618 quidem
350 2558 449 2614 illatum
468 2559 507 2606 sed
524 2558 643 2604 discidium
656 2555 736 2617 procul
755 2553 795 2598 ab·

123 2623 209 2670 fuisse:
229 2631 290 2670 nunc
300 2625 411 2684 juvenem
430 2623 535 2678 nobilem,
548 2623 660 2682 dignitate
674 2619 762 2671 somnae,
773 2616 797 2662 vi

123 2687 217 2745 mentis,
236 2703 263 2736 ec
279 2689 406 2752 propinquo
422 2688 548 2741 consilatu,
565 2687 674 2748 majorem
688 2683 717 2732 sd
732 2695 796 2745 spem

532 2756 602 2800 213
