1842 2909
122 113 228 162 mtt-
268 111 461 166 ultumum
478 111 708 164 amittemus.
746 115 809 162 ³02·

124 243 244 292 miraculis
262 247 406 294 assimulata:
426 263 479 295 uam
497 249 552 310 ipse,
571 243 744 306 hautqutqaam
761 243 812 290 sui·

126 309 249 366 detractor,
267 327 335 359 uuam
347 315 440 360 omnino
450 329 549 375 anguem
560 314 585 359 iu
595 311 699 358 cubiculo
714 310 794 366 visam,

124 389 220 422 narrare
231 377 310 428 solitus
320 385 363 424 est.

167 439 225 488 XII.
242 441 329 489 Verum
340 440 457 490 inelinatln
472 443 550 504 populi
564 447 686 503 supererat,
706 452 736 487 ex
745 454 796 486 me·

126 504 203 551 moriri
214 505 352 562 Germanici,
370 509 434 569 cujus
451 508 490 556 illa
509 507 595 568 reliqua
610 506 698 552 soboles
708 502 794 552 viridas

125 575 154 618 et
161 571 226 617 matri
238 573 372 634 Agrippinae
382 573 497 620 miseratio
506 573 637 635 augebatur,
648 571 678 617 ob
686 570 797 617 saevitiam

127 635 278 695 Messalinoe3
295 653 347 698 quae
365 653 454 700 semper
469 637 558 692 infesta,
578 643 602 684 et
620 644 675 682 tunc
692 651 796 682 commo·

123 700 181 755 tior,
193 717 238 762 qun
249 703 324 749 minus
332 710 429 750 strueret
438 703 534 749 crimina
544 709 568 748 et
577 708 726 756 accusatores,
734 715 796 747 nove

125 773 154 811 et
172 765 242 814 furori
257 769 361 830 prdximo
375 783 452 815 amore
469 768 618 814 detinebatur.
649 765 712 812 Nam
731 765 755 811 iu
767 762 797 814 C·

123 831 219 886 'Silium
231 834 358 895 juventutis
364 833 483 880 *Romanae
493 832 675 895 pulcherrimum,
686 831 720 878 ita
729 845 796 876 exar-

124 904 196 951 serat,
216 906 241 944 ut
251 897 344 947 Juniam
357 899 465 956 Silanum,
476 898 575 946 nobilem
585 897 700 950 feminam,
716 896 809 942 matri·.

124 963 208 1008 monio
220 965 267 1025 ejus
285 965 421 1022 exturbaret,
439 979 557 1024 vacuoque
566 962 669 1010 adultero
678 962 797 1023 potiretur.

127 1025 213 1090 Neque
225 1029 294 1076 Silius
304 1028 385 1092 flagitii
402 1038 441 1077 aut
459 1030 553 1093 periculi
568 1029 656 1075 nescius
673 1033 737 1073 erat:
756 1025 797 1072 sed

124 1099 200 1148 certo,
213 1095 231 1140 ai
247 1095 361 1150 abnueret,
377 1096 453 1151 exitio,
474 1104 498 1143 et
515 1092 626 1142 nonnulli
640 1091 732 1139 fallendi
749 1105 797 1153 spe,

125 1157 198 1204 simul
212 1160 301 1222 magula
320 1161 425 1222 praemiis,
445 1161 543 1223 opperiri
555 1159 632 1206 futura
645 1164 670 1204 et
679 1157 798 1219 praesenti·

126 1223 174 1270 bus
186 1222 238 1280 frui,
257 1239 298 1288 pro
313 1225 392 1274 solatio
408 1227 515 1274 habebat:
534 1225 573 1272 illa
591 1238 637 1272 aon
652 1222 739 1276 furtim,
756 1221 813 1268 sed>

127 1289 203 1336 multo
214 1291 321 1337 comitatu
332 1291 444 1337 ventitare
460 1291 560 1345 domum,
575 1288 702 1352 egressibus
718 1287 796 1335 adbae·

127 1367 238 1411 resce1e3
264 1355 341 1417 largiri
362 1371 424 1417 opes,
444 1356 562 1402 honores:
588 1361 709 1416 postremo,
732 1351 796 1399 velut

125 1418 292 1482 transhtijam
302 1419 400 1476 fortuni,
419 1421 485 1477 servi,
496 1420 577 1476 liberti,
588 1426 679 1482 pantm
688 1417 796 1481 principis

124 1484 187 1546 apud
198 1485 323 1532 adulterum
334 1486 472 1533 visebantur.

162 1547 237 1597 XIII.
255 1551 288 1596 At
309 1548 424 1608 Claudius,
443 1550 581 1598 nratsimnnii
600 1552 636 1598 aui
654 1551 754 1612 ignarus,
772 1554 796 1594 et

125 1614 205 1663 munia
216 1616 317 1662 censoria
328 1631 445 1678 usurpans,
453 1617 587 1664 theatraln
595 1615 673 1678 populi
679 1615 796 1660 lasciviam

126 1680 214 1728 severis
233 1681 311 1728 edictis
330 1682 448 1743 increpuit,
467 1681 530 1742 quod
547 1681 572 1728 in
590 1679 618 1728 P.
635 1679 797 1742 Pomponium,

125 1745 276 1800 enuntiarem,
290 1748 321 1810 (is
332 1747 433 1794 earmina
444 1761 520 1794 scenae
531 1744 608 1806 dabat)
619 1746 688 1806 inque
697 1744 795 1791 feminas

124 1810 232 1866 illustres,
244 1811 422 1873 probrajeeerat.
455 1811 491 1860 Et
500 1812 552 1873 lege
562 1809 610 1858 tuta
620 1810 730 1858 saevitiam
745 1823 796 1855 cre-

125 1875 225 1922 ditorum
238 1877 343 1934 codrcuit,
358 1878 423 1924 neira
438 1884 537 1928 mortem
554 1884 673 1938 parentum
688 1874 796 1936 pecunua

123 1939 324 1988 filiis-familiarum
335 1941 417 1990 soenori
429 1941 515 1990 darent.
538 1940 668 2002 Fontesque
679 1953 796 2000 aquarum.

125 2005 156 2052 ab
176 2005 309 2072 Simbruinis
327 2007 420 2054 collibus
436 2007 551 2062 deductos,
565 2005 623 2053 Urbi
642 2004 725 2051 intulit.
739 2040 744 2046 .
758 2003 796 2048 Ae

125 2085 200 2118 novas
217 2071 331 2118 literarum
345 2071 431 2118 tonnas
448 2072 532 2118 addidit
550 2071 714 2133 vulgavitque3
731 2083 795 2116 cnm·

124 2142 200 2198 petto,
220 2136 325 2182 Graecam
346 2151 435 2198 quoque
445 2137 584 2183 literaturam
595 2133 721 2182 nonsimul
731 2147 795 2196 coep-

124 2207 175 2248 tam
187 2200 364 2262 absolutamque.

124 2285 126 2290 ·
161 2263 233 2312 XIV.
251 2264 323 2312 Primi
334 2281 374 2328 per
385 2265 470 2329 figuras
482 2267 613 2314 animalium
623 2265 731 2329 AEgyptii
741 2279 795 2312 sen·
807 2294 811 2299 <

124 2332 260 2378 atramentis
271 2331 409 2394 effingebant
417 2347 432 2388 ς·
442 2333 481 2396 (ea
491 2332 646 2391 antiquissima
655 2331 797 2377 monimenta
809 2364 811 2369 -

124 2397 245 2443 mernoriae
255 2397 361 2444 humanae
371 2398 483 2458 impressa
493 2398 554 2444 saxia
562 2394 697 2456 cernuntur)
709 2402 733 2442 et
743 2395 795 2442 lite·

124 2475 203 2508 rarum
221 2469 292 2509 semet
311 2463 442 2510 inventores
451 2463 584 2524 perbibent;
601 2461 654 2508 inde
666 2459 796 2512 Pboenieaa,

123 2526 180 2588 quia
191 2527 247 2573 mari
262 2529 429 2590 praepollebant,
447 2526 551 2577 intulisse
562 2526 669 2580 Graeciae,
686 2523 795 2586 gloriam·

117 2591 288 2654 iqueadeptos,
306 2599 419 2654 tamquam
437 2592 567 2654 repererint,
587 2606 639 2652 quae
655 2591 794 2648 acceperant

126 2653 223 2720 Quippe
238 2656 299 2706 fama
309 2663 351 2714 est,
367 2655 487 2712 Cadmum,
505 2655 730 2714 clasaePboeaicum
740 2665 795 2698 vee-
814 2679 819 2687 ·
