1842 2909
139 96 244 142 nemi·
296 91 491 144 ANNALIUM
508 90 735 147 Luxicraro.
766 104 830 152 sor.

95 201 98 207 ¹
139 224 189 274 tria
199 223 269 272 miliia
279 225 400 272 stadiorum
412 227 504 284 invadit,
515 229 665 291 ignarumque
678 240 703 277 et
712 233 809 278 exterri-

139 299 194 338 tum
218 291 336 338 Gotarzen
358 293 490 354 proturbatz
509 308 584 354 neque
604 301 730 350 cunctatur,
753 298 808 358 quin

138 356 258 419 proximas
272 355 418 418 praeiecturas
433 358 544 420 corripiat,
562 357 617 406 solis
635 359 808 409 Seleucerurhus

140 422 320 468 dominationem
333 423 381 484 ejus
392 423 554 471 abnuentibus:
573 425 598 471 in
613 439 678 486 quos,
697 432 723 472 ut
737 429 808 488 patris

139 487 179 534 sui
190 502 278 548 quoque
289 486 422 544 defectores,
433 485 468 534 iri
477 490 557 550 magis,
575 505 643 550 quam
653 505 683 536 ex
694 506 737 539 usu
747 508 807 554 prae·

140 552 210 606 senti,
231 567 347 606 accensus,
364 553 491 615 implicatur
507 554 623 602 obsidione
640 556 701 602 urbis
718 557 807 614 validae,

136 625 168 666 et.
176 618 322 666 munimentis
333 619 413 680 objecti
423 619 504 673 amnis,
521 635 637 682 muroque,
657 630 681 668 et
691 637 806 670 commea·

135 681 314 733 tibusfirrnatae·
347 681 441 730 Interim
461 684 583 740 Gotarzes,
603 684 722 733 Daharum
738 687 806 748 Hyr-

136 763 294 808 canorumque
306 748 385 810 opibus
403 756 489 804 auctus,
509 750 592 796 bellurn
610 759 718 797 renovat:
738 767 804 800 eoac-

135 820 223 873 tusque
245 813 362 862 Bardonea
383 815 489 861 omittere
515 814 647 870 Seleuciam,
671 815 805 866 Bactrianos

134 879 199 940 apud
210 893 301 940 campos
312 886 385 926 castra
393 879 497 928 contulit.

173 941 220 990 IX.
237 943 310 999 Tunc,
325 943 438 992 distractis
449 944 551 992 Orientis
561 946 653 1001 viribus,
664 953 694 1002 et,
705 962 804 1008 quonam

132 1009 280 1063 inclinarent,
299 1010 397 1066 incertia,
415 1025 481 1056 casus
495 1010 624 1058 Mithridati
642 1011 708 1059 datus
717 1022 753 1059 est
763 1028 803 1060 oc·

131 1075 235 1136 oupandi
247 1075 386 1130 Armeniam,
404 1076 427 1122 vi
438 1075 517 1122 militis
530 1074 630 1122 Romani
641 1077 670 1123 ad
680 1078 805 1125 excidenda

133 1140 281 1188 castellorum
289 1140 365 1195 ardua,
377 1139 444 1186 simul
459 1139 527 1186 lhero
537 1141 638 1188 exercitu
649 1157 740 1204 campos
749 1159 803 1206 per·

134 1205 244 1252 sultante.
282 1204 334 1251 Nec
352 1206 414 1252 enim
429 1205 533 1252 resistere
550 1207 661 1262 Armenii,
682 1206 741 1262 fuso,
763 1210 802 1269 qui
833 1213 836 1220 '

125 1271 244 1332 ·proelium
254 1285 321 1318 ausus
332 1278 387 1325 erat,
399 1269 550 1325 Demonacte,
567 1271 682 1332 prefecto.
716 1270 802 1320 Paulu-
818 1272 820 1277 '

125 1335 345 1384 lurncunctationis
359 1336 435 1383 attulit
451 1351 493 1382 rex
508 1336 601 1383 minoris
617 1336 740 1393 Armeniae,
753 1336 803 1388 Co-

133 1407 181 1462 tys,
201 1402 272 1448 versis
291 1400 344 1448 illuc
360 1401 493 1462 quibusdam
509 1415 644 1463 procerum
662 1403 714 1450 dein
730 1405 802 1453 literis

126 1465 236 1514 ,caesaria
248 1466 365 1521 coiircitus,
383 1473 406 1512 et
417 1474 499 1515 cuncta
509 1469 533 1512 in
545 1465 694 1515 Mithridaten
705 1467 800 1526 fluxere,

133 1533 277 1586 atrociorem,
289 1547 355 1592 quam
365 1547 425 1578 novo
437 1547 509 1594 regno
520 1532 663 1579 conduceret.
696 1533 731 1580 At
742 1533 800 1594 Pars·

124 1598 169 1644 ¹thi
183 1597 336 1658 imperatores,
353 1612 524 1660 cumpugnam
543 1604 654 1658 pararent,
671 1596 747 1645 ioetius
763 1615 801 1647 re·

124 1668 201 1724 ,pente
216 1662 292 1717 iciunt,
303 1662 402 1724 cognitis
412 1662 553 1724 popularium
569 1662 663 1717 insidiis,
680 1678 737 1723 quas
748 1664 800 1714 Go-

132 1735 211 1778 tarzes
221 1727 285 1774 fratri
297 1727 438 1788 patefecerat,
457 1728 619 1788 congressione
635 1728 710 1790 primo
728 1745 800 1777 cunc·

131 1799 219 1846 tantur,
236 1793 316 1839 deinde
327 1793 439 1854 complexi
455 1791 553 1847 dextras,
565 1793 624 1854 apud
641 1794 720 1840 altaria
730 1794 798 1842 (leiim

129 1855 247 1922 pepigire,
262 1857 362 1905 fraudem
374 1858 517 1904 inimicorum
528 1857 613 1914 ulcisci,
630 1865 697 1920 atque
707 1860 750 1921 ipsi
760 1861 797 1906 in·
809 1893 812 1898 -

123 1931 166 1970 -ter
179 1939 204 1969 se
220 1923 350 1970 concedere.
384 1921 509 1983 Potiorque
527 1922 646 1970 Bardones
662 1924 725 1972 visus
742 1926 798 1971 reti-
882 1937 887 1944 ·

129 1989 208 2035 nendo
219 2003 303 2051 regno:
324 1996 347 2034 at
355 1989 479 2042 Gotarzes,
490 1989 584 2049 nequid
595 1988 745 2036 aemulationis
756 2005 797 2036 ex-

127 2055 227 2109 sisteret,
245 2055 335 2115 penitus
351 2054 375 2100 in
395 2051 538 2114 Hyrcaniam
557 2054 626 2100 abiit:
649 2068 799 2116 regressoque

127 2119 231 2167 Bardani
242 2120 330 2166 deditur
342 2119 453 2180 Seleucia,
470 2119 567 2179 septimo
583 2126 636 2180 post
646 2117 796 2166 deiectionem
841 2165 844 2173 ,

125 2200 205 2242 anno;
223 2200 269 2234 non
290 2185 339 2232 ri-ne
355 2184 465 2232 dedecore
477 2181 621 2240 Parthorum,
639 2200 696 2245 quoa
707 2199 753 2232 noa
763 2186 796 2232 ci·

124 2251 187 2299 ritas
198 2251 284 2297 tamdiu
295 2250 398 2298 eluserat

161 2316 196 2364 X.
211 2315 276 2364 Exin
288 2315 436 2362 validissimas
446 2314 593 2377 praefecturas
604 2316 700 2362 invasit:
719 2323 744 2362 et
760 2331 796 2363 re-

124 2397 237 2444 cuperare
248 2381 380 2428 Armeniam
391 2381 478 2436 arebat,
490 2380 513 2426 ni
525 2396 538 2427 a
551 2379 620 2428 Vibio
628 2381 710 2427 Marso
721 2380 796 2440 Syria

125 2449 213 2510 legato,
232 2447 316 2493 bellum
339 2447 464 2501 minitante,
485 2446 597 2492 cohibitus
618 2444 685 2492 soret.
717 2444 795 2502 Atque

125 2514 220 2560 interirn
234 2511 357 2567 Gotarzes,
369 2509 503 2573 poenitentiis
517 2511 618 2558 concessi
633 2510 706 2572 regni,
724 2514 748 2553 et
759 2521 796 2551 re·

125 2585 226 2626 vocante
237 2577 359 2633 nobilitate,
380 2577 416 2622 cui
434 2577 457 2622 in
469 2591 525 2639 pace
535 2576 613 2622 durius
624 2573 740 2622 servitium
752 2574 794 2620 ent,

124 2644 242 2696 contrahit
253 2643 347 2706 copias:
374 2650 397 2689 et
416 2642 469 2690 huic
486 2648 567 2690 conus
582 2641 640 2689 itum
657 2637 795 2684 arannem
