<?xml version="1.0" encoding="UTF-8"?>
<!DOCTYPE html PUBLIC "-//W3C//DTD XHTML 1.0 Transitional//EN"
    "http://www.w3.org/TR/xhtml1/DTD/xhtml1-transitional.dtd">
<html xmlns="http://www.w3.org/1999/xhtml" xml:lang="en" lang="en">
 <head>
  <title>
</title>
<meta http-equiv="Content-Type" content="text/html;charset=utf-8" />
  <meta name='ocr-system' content='tesseract 3.04.00' />
  <meta name='ocr-capabilities' content='ocr_page ocr_carea ocr_par ocr_line ocrx_word'/>
</head>
<body>
  <div class='ocr_page' id='page_1' title='image "./opera01obergoog_0311.png"; bbox 0 0 1842 2909; ppageno 0'>
   <div class='ocr_carea' id='block_1_1' title="bbox 107 136 808 190">
    <p class='ocr_par' dir='ltr' id='par_1_1' title="bbox 107 136 808 190">
     <span class='ocr_line' id='line_1_1' title="bbox 107 136 808 190; baseline 0.009 -6"><span class='ocrx_word' id='word_1_1' title='bbox 107 152 110 157; x_wconf 69' lang='grc'><em>’</em></span> <span class='ocrx_word' id='word_1_2' title='bbox 134 139 192 184; x_wconf 68' lang='grc' dir='ltr'><strong>Μ.</strong></span> <span class='ocrx_word' id='word_1_3' title='bbox 205 143 238 188; x_wconf 71' lang='lat' dir='ltr'><strong>st.</strong></span> <span class='ocrx_word' id='word_1_4' title='bbox 260 136 453 190; x_wconf 82' lang='lat' dir='ltr'>ANNALIUM</span> <span class='ocrx_word' id='word_1_5' title='bbox 470 137 683 190; x_wconf 61' lang='lat' dir='ltr'><strong>lamiam.</strong></span> <span class='ocrx_word' id='word_1_6' title='bbox 761 144 808 190; x_wconf 73' lang='lat' dir='ltr'><strong>8oe</strong></span> 
     </span>
    </p>
   </div>
   <div class='ocr_carea' id='block_1_2' title="bbox 131 266 813 1446">
    <p class='ocr_par' dir='ltr' id='par_1_2' title="bbox 131 266 813 1446">
     <span class='ocr_line' id='line_1_2' title="bbox 132 266 811 334; baseline 0.001 -14"><span class='ocrx_word' id='word_1_7' title='bbox 132 266 208 320; x_wconf 71' lang='lat' dir='ltr'><strong>causi</strong></span> <span class='ocrx_word' id='word_1_8' title='bbox 218 269 345 331; x_wconf 74' lang='lat' dir='ltr'><strong>repetitum.</strong></span> <span class='ocrx_word' id='word_1_9' title='bbox 368 268 478 320; x_wconf 79' lang='lat' dir='ltr'><strong>Accuaati</strong></span> <span class='ocrx_word' id='word_1_10' title='bbox 487 271 585 332; x_wconf 80' lang='lat' dir='ltr'>plurimi.</span> <span class='ocrx_word' id='word_1_11' title='bbox 610 269 726 334; x_wconf 70' lang='lat' dir='ltr'><strong>Ignoffiles</strong></span> <span class='ocrx_word' id='word_1_12' title='bbox 736 277 811 322; x_wconf 77' lang='lat' dir='ltr'><strong>tutata</strong></span> 
     </span>
     <span class='ocr_line' id='line_1_3' title="bbox 133 335 810 399; baseline 0.006 -17"><span class='ocrx_word' id='word_1_13' title='bbox 133 342 176 382; x_wconf 79' lang='lat' dir='ltr'><strong>est</strong></span> <span class='ocrx_word' id='word_1_14' title='bbox 194 335 314 392; x_wconf 80' lang='lat' dir='ltr'><strong>humilitas,</strong></span> <span class='ocrx_word' id='word_1_15' title='bbox 331 336 449 384; x_wconf 83' lang='lat' dir='ltr'><strong>dictitante</strong></span> <span class='ocrx_word' id='word_1_16' title='bbox 465 337 575 398; x_wconf 70' lang='lat' dir='ltr'><strong>principe,</strong></span> <span class='ocrx_word' id='word_1_17' title='bbox 591 337 621 384; x_wconf 84' lang='lat' dir='ltr'><strong>de</strong></span> <span class='ocrx_word' id='word_1_18' title='bbox 638 339 719 399; x_wconf 83' lang='lat' dir='ltr'><strong>pulice,</strong></span> <span class='ocrx_word' id='word_1_19' title='bbox 736 346 762 386; x_wconf 90' lang='lat' dir='ltr'><strong>ut</strong></span> <span class='ocrx_word' id='word_1_20' title='bbox 780 339 810 389; x_wconf 84' lang='lat' dir='ltr'><strong>da</strong></span> 
     </span>
     <span class='ocr_line' id='line_1_4' title="bbox 131 397 809 455; baseline 0.009 -9"><span class='ocrx_word' id='word_1_21' title='bbox 131 398 194 455; x_wconf 83' lang='lat' dir='ltr'><strong>feri,</strong></span> <span class='ocrx_word' id='word_1_22' title='bbox 207 415 252 449; x_wconf 85' lang='lat' dir='ltr'><strong>nun</strong></span> <span class='ocrx_word' id='word_1_23' title='bbox 263 417 313 450; x_wconf 86' lang='lat' dir='ltr'><strong>ease</strong></span> <span class='ocrx_word' id='word_1_24' title='bbox 324 397 491 450; x_wconf 83' lang='lat' dir='ltr'><strong>vindicandum.</strong></span> <span class='ocrx_word' id='word_1_25' title='bbox 511 401 540 448; x_wconf 94' lang='lat' dir='ltr'><strong>In</strong></span> <span class='ocrx_word' id='word_1_26' title='bbox 552 403 595 449; x_wconf 87' lang='lat' dir='ltr'><strong>boc</strong></span> <span class='ocrx_word' id='word_1_27' title='bbox 606 405 670 452; x_wconf 82' lang='lat' dir='ltr'><strong>stetit</strong></span> <span class='ocrx_word' id='word_1_28' title='bbox 680 404 809 452; x_wconf 81' lang='lat' dir='ltr'><strong>clementia.</strong></span> 
     </span>
     <span class='ocr_line' id='line_1_5' title="bbox 134 465 809 531; baseline 0.007 -19"><span class='ocrx_word' id='word_1_29' title='bbox 134 465 250 512; x_wconf 79' lang='lat' dir='ltr'><strong>Saevitum</strong></span> <span class='ocrx_word' id='word_1_30' title='bbox 269 468 293 513; x_wconf 91' lang='lat' dir='ltr'><strong>iu</strong></span> <span class='ocrx_word' id='word_1_31' title='bbox 311 467 397 514; x_wconf 84' lang='lat' dir='ltr'><strong>nubiles</strong></span> <span class='ocrx_word' id='word_1_32' title='bbox 414 473 569 528; x_wconf 83' lang='lat' dir='ltr'><strong>potentesque,</strong></span> <span class='ocrx_word' id='word_1_33' title='bbox 585 469 646 530; x_wconf 87' lang='lat' dir='ltr'><strong>quud</strong></span> <span class='ocrx_word' id='word_1_34' title='bbox 657 469 699 516; x_wconf 83' lang='lat' dir='ltr'><strong>auli</strong></span> <span class='ocrx_word' id='word_1_35' title='bbox 710 470 738 516; x_wconf 84' lang='lat' dir='ltr'><strong>ad</strong></span> <span class='ocrx_word' id='word_1_36' title='bbox 749 485 809 531; x_wconf 81' lang='lat' dir='ltr'><strong>prae·</strong></span> 
     </span>
     <span class='ocr_line' id='line_1_6' title="bbox 136 531 808 594; baseline 0.012 -19"><span class='ocrx_word' id='word_1_37' title='bbox 136 531 191 584; x_wconf 81' lang='lat' dir='ltr'><strong>dam</strong></span> <span class='ocrx_word' id='word_1_38' title='bbox 202 531 338 580; x_wconf 87' lang='lat' dir='ltr'><strong>sufficerent.</strong></span> <span class='ocrx_word' id='word_1_39' title='bbox 371 532 448 592; x_wconf 85' lang='lat' dir='ltr'><strong>Atque</strong></span> <span class='ocrx_word' id='word_1_40' title='bbox 459 533 491 579; x_wconf 85' lang='lat' dir='ltr'><strong>ita</strong></span> <span class='ocrx_word' id='word_1_41' title='bbox 501 535 645 594; x_wconf 82' lang='lat' dir='ltr'><strong>pereuntibus</strong></span> <span class='ocrx_word' id='word_1_42' title='bbox 656 535 733 582; x_wconf 81' lang='lat' dir='ltr'><strong>deerat</strong></span> <span class='ocrx_word' id='word_1_43' title='bbox 739 535 808 582; x_wconf 85' lang='lat' dir='ltr'><strong>etiam</strong></span> 
     </span>
     <span class='ocr_line' id='line_1_7' title="bbox 136 598 809 665; baseline 0.003 -21"><span class='ocrx_word' id='word_1_44' title='bbox 136 611 261 645; x_wconf 82' lang='lat' dir='ltr'><strong>commune</strong></span> <span class='ocrx_word' id='word_1_45' title='bbox 272 599 313 646; x_wconf 87' lang='lat' dir='ltr'><strong>sub</strong></span> <span class='ocrx_word' id='word_1_46' title='bbox 324 598 434 659; x_wconf 75' lang='lat' dir='ltr'>prioribus</span> <span class='ocrx_word' id='word_1_47' title='bbox 445 598 605 665; x_wconf 73' lang='lat' dir='ltr'><strong>principatibus</strong></span> <span class='ocrx_word' id='word_1_48' title='bbox 619 600 732 658; x_wconf 82' lang='lat' dir='ltr'><strong>solatium,</strong></span> <span class='ocrx_word' id='word_1_49' title='bbox 748 615 809 654; x_wconf 85' lang='lat' dir='ltr'><strong>cum,</strong></span> 
     </span>
     <span class='ocr_line' id='line_1_8' title="bbox 136 661 811 727; baseline 0.007 -20"><span class='ocrx_word' id='word_1_50' title='bbox 136 661 177 708; x_wconf 78' lang='lat' dir='ltr'><strong>vel</strong></span> <span class='ocrx_word' id='word_1_51' title='bbox 193 663 304 718; x_wconf 80' lang='lat' dir='ltr'><strong>morituri,</strong></span> <span class='ocrx_word' id='word_1_52' title='bbox 321 664 349 710; x_wconf 87' lang='lat' dir='ltr'><strong>de</strong></span> <span class='ocrx_word' id='word_1_53' title='bbox 368 661 458 710; x_wconf 83' lang='lat' dir='ltr'><strong>Claudii</strong></span> <span class='ocrx_word' id='word_1_54' title='bbox 477 664 609 712; x_wconf 80' lang='lat' dir='ltr'><strong>crudelitate</strong></span> <span class='ocrx_word' id='word_1_55' title='bbox 625 665 688 726; x_wconf 83' lang='lat' dir='ltr'><strong>queri</strong></span> <span class='ocrx_word' id='word_1_56' title='bbox 699 680 746 712; x_wconf 86' lang='lat' dir='ltr'><strong>non</strong></span> <span class='ocrx_word' id='word_1_57' title='bbox 756 679 811 727; x_wconf 82' lang='lat' dir='ltr'><strong>pes·</strong></span> 
     </span>
     <span class='ocr_line' id='line_1_9' title="bbox 135 729 742 791; baseline 0.007 -17"><span class='ocrx_word' id='word_1_58' title='bbox 135 733 198 780; x_wconf 77' lang='lat' dir='ltr'><strong>sent,</strong></span> <span class='ocrx_word' id='word_1_59' title='bbox 215 729 317 774; x_wconf 81' lang='lat' dir='ltr'><strong>uxoriam</strong></span> <span class='ocrx_word' id='word_1_60' title='bbox 328 729 378 791; x_wconf 91' lang='lat' dir='ltr'><strong>ejus</strong></span> <span class='ocrx_word' id='word_1_61' title='bbox 388 729 562 777; x_wconf 70' lang='lat' dir='ltr'><strong>imbecillitatem</strong></span> <span class='ocrx_word' id='word_1_62' title='bbox 573 730 742 778; x_wconf 78' lang='lat' dir='ltr'><strong>miserarentur.</strong></span> 
     </span>
     <span class='ocr_line' id='line_1_10' title="bbox 175 789 811 855; baseline 0.009 -17"><span class='ocrx_word' id='word_1_63' title='bbox 175 789 243 854; x_wconf 86' lang='lat' dir='ltr'><strong>[Una</strong></span> <span class='ocrx_word' id='word_1_64' title='bbox 259 795 319 840; x_wconf 88' lang='lat' dir='ltr'><strong>enim</strong></span> <span class='ocrx_word' id='word_1_65' title='bbox 340 801 374 840; x_wconf 85' lang='lat' dir='ltr'><strong>tot</strong></span> <span class='ocrx_word' id='word_1_66' title='bbox 391 799 550 855; x_wconf 85' lang='lat' dir='ltr'><strong>tantarumque</strong></span> <span class='ocrx_word' id='word_1_67' title='bbox 566 795 662 842; x_wconf 80' lang='lat' dir='ltr'><strong>caedium</strong></span> <span class='ocrx_word' id='word_1_68' title='bbox 679 810 748 843; x_wconf 84' lang='lat' dir='ltr'><strong>causa</strong></span> <span class='ocrx_word' id='word_1_69' title='bbox 762 802 811 844; x_wconf 84' lang='lat' dir='ltr'><strong>erat</strong></span> 
     </span>
     <span class='ocr_line' id='line_1_11' title="bbox 139 856 812 916; baseline 0 -9"><span class='ocrx_word' id='word_1_70' title='bbox 139 856 277 907; x_wconf 78' lang='lat' dir='ltr'><strong>Messalina.</strong></span> <span class='ocrx_word' id='word_1_71' title='bbox 310 857 412 914; x_wconf 82' lang='lat' dir='ltr'><strong>Femina,</strong></span> <span class='ocrx_word' id='word_1_72' title='bbox 429 859 546 908; x_wconf 88' lang='lat' dir='ltr'><strong>libidinum</strong></span> <span class='ocrx_word' id='word_1_73' title='bbox 563 860 714 916; x_wconf 75' lang='lat' dir='ltr'><strong>assuetudine,</strong></span> <span class='ocrx_word' id='word_1_74' title='bbox 730 867 756 907; x_wconf 84' lang='lat' dir='ltr'><strong>et</strong></span> <span class='ocrx_word' id='word_1_75' title='bbox 766 860 812 907; x_wconf 92' lang='lat' dir='ltr'><strong>Vi·</strong></span> 
     </span>
     <span class='ocr_line' id='line_1_12' title="bbox 139 921 811 979; baseline 0.007 -12"><span class='ocrx_word' id='word_1_76' title='bbox 139 921 205 976; x_wconf 79' lang='lat' dir='ltr'><strong>vellii,</strong></span> <span class='ocrx_word' id='word_1_77' title='bbox 223 923 332 970; x_wconf 82' lang='lat' dir='ltr'><strong>scelerum</strong></span> <span class='ocrx_word' id='word_1_78' title='bbox 350 924 459 978; x_wconf 80' lang='lat' dir='ltr'><strong>satellitis,</strong></span> <span class='ocrx_word' id='word_1_79' title='bbox 477 925 585 972; x_wconf 79' lang='lat' dir='ltr'><strong>societate</strong></span> <span class='ocrx_word' id='word_1_80' title='bbox 595 925 675 979; x_wconf 76' lang='lat' dir='ltr'><strong>undu,</strong></span> <span class='ocrx_word' id='word_1_81' title='bbox 691 926 715 972; x_wconf 92' lang='lat' dir='ltr'><strong>in</strong></span> <span class='ocrx_word' id='word_1_82' title='bbox 726 926 811 974; x_wconf 77' lang='lat' dir='ltr'><strong>ciuium</strong></span> 
     </span>
     <span class='ocr_line' id='line_1_13' title="bbox 138 987 813 1052; baseline 0 -18"><span class='ocrx_word' id='word_1_83' title='bbox 138 987 244 1036; x_wconf 61' lang='lat' dir='ltr'><strong>hunnus</strong></span> <span class='ocrx_word' id='word_1_84' title='bbox 255 990 356 1050; x_wconf 85' lang='lat' dir='ltr'><strong>vitasque</strong></span> <span class='ocrx_word' id='word_1_85' title='bbox 367 991 459 1051; x_wconf 83' lang='lat' dir='ltr'><strong>impune</strong></span> <span class='ocrx_word' id='word_1_86' title='bbox 469 991 620 1052; x_wconf 68' lang='lat' dir='ltr'><strong>grassabatur.</strong></span> <span class='ocrx_word' id='word_1_87' title='bbox 646 989 718 1036; x_wconf 53' lang='lat' dir='ltr'><strong>&lt;Loco</strong></span> <span class='ocrx_word' id='word_1_88' title='bbox 735 991 813 1037; x_wconf 73' lang='lat' dir='ltr'><strong>crimi-</strong></span> 
     </span>
     <span class='ocr_line' id='line_1_14' title="bbox 140 1054 812 1118; baseline 0.003 -18"><span class='ocrx_word' id='word_1_89' title='bbox 140 1067 198 1100; x_wconf 89' lang='lat' dir='ltr'><strong>num</strong></span> <span class='ocrx_word' id='word_1_90' title='bbox 216 1063 281 1100; x_wconf 87' lang='lat' dir='ltr'><strong>erant</strong></span> <span class='ocrx_word' id='word_1_91' title='bbox 297 1055 414 1102; x_wconf 87' lang='lat' dir='ltr'><strong>muliebria</strong></span> <span class='ocrx_word' id='word_1_92' title='bbox 429 1055 487 1102; x_wconf 82' lang='lat' dir='ltr'><strong>odia.</strong></span> <span class='ocrx_word' id='word_1_93' title='bbox 521 1055 593 1102; x_wconf 81' lang='lat' dir='ltr'><strong>Sinin</strong></span> <span class='ocrx_word' id='word_1_94' title='bbox 605 1054 708 1117; x_wconf 88' lang='lat' dir='ltr'><strong>Pompeii</strong></span> <span class='ocrx_word' id='word_1_95' title='bbox 719 1055 812 1118; x_wconf 76' lang='lat' dir='ltr'><strong>Magni,</strong></span> 
     </span>
     <span class='ocr_line' id='line_1_15' title="bbox 141 1117 813 1178; baseline 0.001 -12"><span class='ocrx_word' id='word_1_96' title='bbox 141 1133 212 1178; x_wconf 88' lang='lat' dir='ltr'><strong>quem</strong></span> <span class='ocrx_word' id='word_1_97' title='bbox 228 1120 332 1167; x_wconf 80' lang='lat' dir='ltr'><strong>nobilitas</strong></span> <span class='ocrx_word' id='word_1_98' title='bbox 344 1127 367 1168; x_wconf 85' lang='lat' dir='ltr'><strong>et</strong></span> <span class='ocrx_word' id='word_1_99' title='bbox 378 1135 430 1167; x_wconf 86' lang='lat' dir='ltr'><strong>curn</strong></span> <span class='ocrx_word' id='word_1_100' title='bbox 442 1117 543 1168; x_wconf 74' lang='lat' dir='ltr'><strong>Caesaris</strong></span> <span class='ocrx_word' id='word_1_101' title='bbox 553 1121 621 1168; x_wconf 88' lang='lat' dir='ltr'><strong>domo</strong></span> <span class='ocrx_word' id='word_1_102' title='bbox 632 1120 729 1168; x_wconf 77' lang='lat' dir='ltr'><strong>affinitas</strong></span> <span class='ocrx_word' id='word_1_103' title='bbox 740 1120 764 1168; x_wconf 90' lang='lat' dir='ltr'><strong>in</strong></span> <span class='ocrx_word' id='word_1_104' title='bbox 775 1121 813 1167; x_wconf 86' lang='lat' dir='ltr'><strong>in·</strong></span> 
     </span>
     <span class='ocr_line' id='line_1_16' title="bbox 140 1183 812 1249; baseline 0.003 -19"><span class='ocrx_word' id='word_1_105' title='bbox 140 1183 227 1230; x_wconf 79' lang='lat' dir='ltr'><strong>vidium</strong></span> <span class='ocrx_word' id='word_1_106' title='bbox 239 1184 385 1239; x_wconf 72' lang='lat' dir='ltr'><strong>adduxerant,</strong></span> <span class='ocrx_word' id='word_1_107' title='bbox 396 1186 519 1247; x_wconf 85' lang='lat' dir='ltr'><strong>perniciem</strong></span> <span class='ocrx_word' id='word_1_108' title='bbox 530 1187 582 1233; x_wconf 74' lang='lat' dir='ltr'><strong>ruit.</strong></span> <span class='ocrx_word' id='word_1_109' title='bbox 615 1185 677 1233; x_wconf 85' lang='lat' dir='ltr'><strong>Mox</strong></span> <span class='ocrx_word' id='word_1_110' title='bbox 688 1185 812 1249; x_wconf 82' lang='lat' dir='ltr'><strong>Poppseam</strong></span> 
     </span>
     <span class='ocr_line' id='line_1_17' title="bbox 141 1247 812 1313; baseline 0.003 -19"><span class='ocrx_word' id='word_1_111' title='bbox 141 1253 167 1294; x_wconf 87' lang='lat' dir='ltr'><strong>et</strong></span> <span class='ocrx_word' id='word_1_112' title='bbox 180 1247 296 1296; x_wconf 76' lang='lat' dir='ltr'><strong>Valetium</strong></span> <span class='ocrx_word' id='word_1_113' title='bbox 307 1250 441 1306; x_wconf 87' lang='lat' dir='ltr'><strong>Asiaticum,</strong></span> <span class='ocrx_word' id='word_1_114' title='bbox 458 1251 527 1305; x_wconf 90' lang='lat' dir='ltr'><strong>illam,</strong></span> <span class='ocrx_word' id='word_1_115' title='bbox 544 1252 574 1298; x_wconf 87' lang='lat' dir='ltr'><strong>ab</strong></span> <span class='ocrx_word' id='word_1_116' title='bbox 587 1251 753 1313; x_wconf 68' lang='lat' dir='ltr'><strong>precellentem</strong></span> <span class='ocrx_word' id='word_1_117' title='bbox 763 1249 812 1297; x_wconf 85' lang='lat' dir='ltr'><strong>for·</strong></span> 
     </span>
     <span class='ocr_line' id='line_1_18' title="bbox 140 1310 813 1379; baseline 0.006 -21"><span class='ocrx_word' id='word_1_118' title='bbox 140 1327 190 1358; x_wconf 82' lang='lat' dir='ltr'><strong>mee</strong></span> <span class='ocrx_word' id='word_1_119' title='bbox 200 1315 396 1374; x_wconf 83' lang='lat' dir='ltr'><strong>pulchritudinem,</strong></span> <span class='ocrx_word' id='word_1_120' title='bbox 414 1317 480 1369; x_wconf 88' lang='lat' dir='ltr'><strong>bunc,</strong></span> <span class='ocrx_word' id='word_1_121' title='bbox 492 1323 584 1378; x_wconf 86' lang='lat' dir='ltr'><strong>propter</strong></span> <span class='ocrx_word' id='word_1_122' title='bbox 594 1317 700 1378; x_wconf 80' lang='lat' dir='ltr'><strong>ingentes</strong></span> <span class='ocrx_word' id='word_1_123' title='bbox 711 1310 766 1378; x_wconf 75' lang='lat' dir='ltr'><strong>opes</strong></span> <span class='ocrx_word' id='word_1_124' title='bbox 777 1316 813 1379; x_wconf 92' lang='lat' dir='ltr'><strong>ip·</strong></span> 
     </span>
     <span class='ocr_line' id='line_1_19' title="bbox 142 1378 747 1446; baseline 0.003 -20"><span class='ocrx_word' id='word_1_125' title='bbox 142 1393 227 1440; x_wconf 84' lang='lat' dir='ltr'><strong>sosque</strong></span> <span class='ocrx_word' id='word_1_126' title='bbox 239 1378 346 1442; x_wconf 79' lang='lat' dir='ltr'><strong>Poppaeoe</strong></span> <span class='ocrx_word' id='word_1_127' title='bbox 357 1395 446 1428; x_wconf 84' lang='lat' dir='ltr'><strong>amores</strong></span> <span class='ocrx_word' id='word_1_128' title='bbox 456 1381 568 1436; x_wconf 85' lang='lat' dir='ltr'><strong>odiosum,</strong></span> <span class='ocrx_word' id='word_1_129' title='bbox 580 1379 747 1446; x_wconf 77' lang='lat' dir='ltr'><strong>circumvenit]</strong></span> 
     </span>
    </p>
   </div>
   <div class='ocr_carea' id='block_1_3' title="bbox 111 1506 820 2681">
    <p class='ocr_par' dir='ltr' id='par_1_3' title="bbox 111 1506 820 2681">
     <span class='ocr_line' id='line_1_20' title="bbox 178 1506 815 1566; baseline 0.006 -11"><span class='ocrx_word' id='word_1_130' title='bbox 178 1506 199 1554; x_wconf 79' lang='grc' dir='ltr'><strong>Ι.</strong></span> <span class='ocrx_word' id='word_1_131' title='bbox 210 1507 272 1556; x_wconf 81' lang='lat' dir='ltr'><strong>Nam</strong></span> <span class='ocrx_word' id='word_1_132' title='bbox 283 1509 402 1558; x_wconf 83' lang='lat' dir='ltr'><strong>Valerium</strong></span> <span class='ocrx_word' id='word_1_133' title='bbox 414 1509 549 1566; x_wconf 84' lang='lat' dir='ltr'><strong>Asiaticum,</strong></span> <span class='ocrx_word' id='word_1_134' title='bbox 563 1512 598 1559; x_wconf 85' lang='lat' dir='ltr'><strong>bis</strong></span> <span class='ocrx_word' id='word_1_135' title='bbox 608 1511 731 1566; x_wconf 83' lang='lat' dir='ltr'><strong>consulem,</strong></span> <span class='ocrx_word' id='word_1_136' title='bbox 742 1509 815 1559; x_wconf 81' lang='lat' dir='ltr'><strong>fuisse</strong></span> 
     </span>
     <span class='ocr_line' id='line_1_21' title="bbox 140 1574 815 1640; baseline 0.003 -20"><span class='ocrx_word' id='word_1_137' title='bbox 140 1575 257 1634; x_wconf 85' lang='lat' dir='ltr'><strong>quondam</strong></span> <span class='ocrx_word' id='word_1_138' title='bbox 269 1576 395 1624; x_wconf 76' lang='lat' dir='ltr'><strong>adulterum</strong></span> <span class='ocrx_word' id='word_1_139' title='bbox 407 1574 461 1640; x_wconf 81' lang='lat' dir='ltr'><strong>ejus,</strong></span> <span class='ocrx_word' id='word_1_140' title='bbox 479 1577 585 1625; x_wconf 79' lang='lat' dir='ltr'><strong>c&#39;radidit:</strong></span> <span class='ocrx_word' id='word_1_141' title='bbox 604 1577 733 1638; x_wconf 81' lang='lat' dir='ltr'><strong>pariterque</strong></span> <span class='ocrx_word' id='word_1_142' title='bbox 743 1577 815 1622; x_wconf 84' lang='lat' dir='ltr'><strong>bortis</strong></span> 
     </span>
     <span class='ocr_line' id='line_1_22' title="bbox 141 1637 814 1702; baseline 0 -16"><span class='ocrx_word' id='word_1_143' title='bbox 141 1637 240 1696; x_wconf 81' lang='lat' dir='ltr'><strong>inhians,</strong></span> <span class='ocrx_word' id='word_1_144' title='bbox 257 1656 314 1701; x_wconf 86' lang='lat' dir='ltr'><strong>quos</strong></span> <span class='ocrx_word' id='word_1_145' title='bbox 324 1642 369 1696; x_wconf 90' lang='lat' dir='ltr'><strong>ille,</strong></span> <span class='ocrx_word' id='word_1_146' title='bbox 384 1657 400 1690; x_wconf 75' lang='grc' dir='ltr'>ι</span> <span class='ocrx_word' id='word_1_147' title='bbox 411 1641 510 1690; x_wconf 85' lang='lat' dir='ltr'><strong>Lucullo</strong></span> <span class='ocrx_word' id='word_1_148' title='bbox 520 1648 617 1702; x_wconf 81' lang='lat' dir='ltr'><strong>coeptoa,</strong></span> <span class='ocrx_word' id='word_1_149' title='bbox 628 1641 713 1702; x_wconf 76' lang='lat' dir='ltr'><strong>insigni</strong></span> <span class='ocrx_word' id='word_1_150' title='bbox 723 1641 814 1702; x_wconf 78' lang='lat' dir='ltr'><strong>magni-</strong></span> 
     </span>
     <span class='ocr_line' id='line_1_23' title="bbox 111 1703 815 1766; baseline 0 -15"><span class='ocrx_word' id='word_1_151' title='bbox 111 1743 119 1758; x_wconf 76' lang='lat'><strong>,</strong></span> <span class='ocrx_word' id='word_1_152' title='bbox 141 1703 236 1752; x_wconf 73' lang='lat' dir='ltr'><strong>licentii</strong></span> <span class='ocrx_word' id='word_1_153' title='bbox 252 1707 380 1760; x_wconf 73' lang='lat' dir='ltr'><strong>extolleiut,</strong></span> <span class='ocrx_word' id='word_1_154' title='bbox 398 1707 494 1754; x_wconf 84' lang='lat' dir='ltr'><strong>Suilium</strong></span> <span class='ocrx_word' id='word_1_155' title='bbox 511 1705 643 1755; x_wconf 68' lang='lat' dir='ltr'><strong>mcusandia</strong></span> <span class='ocrx_word' id='word_1_156' title='bbox 658 1705 759 1766; x_wconf 80' lang='lat' dir='ltr'><strong>utrisque</strong></span> <span class='ocrx_word' id='word_1_157' title='bbox 769 1706 815 1751; x_wconf 88' lang='lat' dir='ltr'><strong>im·</strong></span> 
     </span>
     <span class='ocr_line' id='line_1_24' title="bbox 141 1770 816 1833; baseline 0 -15"><span class='ocrx_word' id='word_1_158' title='bbox 141 1770 222 1818; x_wconf 82' lang='lat' dir='ltr'><strong>mittit.</strong></span> <span class='ocrx_word' id='word_1_159' title='bbox 262 1771 403 1833; x_wconf 77' lang='lat' dir='ltr'><strong>Adjungitur</strong></span> <span class='ocrx_word' id='word_1_160' title='bbox 423 1772 531 1824; x_wconf 78' lang='lat' dir='ltr'><strong>Sosibius,</strong></span> <span class='ocrx_word' id='word_1_161' title='bbox 553 1770 681 1818; x_wconf 84' lang='lat' dir='ltr'><strong>Britannici</strong></span> <span class='ocrx_word' id='word_1_162' title='bbox 700 1771 816 1825; x_wconf 80' lang='lat' dir='ltr'><strong>educatur,</strong></span> 
     </span>
     <span class='ocr_line' id='line_1_25' title="bbox 142 1833 815 1898; baseline 0 -16"><span class='ocrx_word' id='word_1_163' title='bbox 142 1835 191 1897; x_wconf 87' lang='lat' dir='ltr'><strong>qui,</strong></span> <span class='ocrx_word' id='word_1_164' title='bbox 198 1851 237 1898; x_wconf 86' lang='lat' dir='ltr'><strong>per</strong></span> <span class='ocrx_word' id='word_1_165' title='bbox 244 1837 341 1898; x_wconf 82' lang='lat' dir='ltr'><strong>speciem</strong></span> <span class='ocrx_word' id='word_1_166' title='bbox 348 1836 518 1897; x_wconf 71' lang='lat' dir='ltr'><strong>beneupIentiae,</strong></span> <span class='ocrx_word' id='word_1_167' title='bbox 527 1843 631 1882; x_wconf 84' lang='lat' dir='ltr'><strong>moneret</strong></span> <span class='ocrx_word' id='word_1_168' title='bbox 639 1833 768 1890; x_wconf 70' lang='lat' dir='ltr'><strong>Clwdium,</strong></span> <span class='ocrx_word' id='word_1_169' title='bbox 776 1849 815 1882; x_wconf 88' lang='lat' dir='ltr'><strong>ca·</strong></span> 
     </span>
     <span class='ocr_line' id='line_1_26' title="bbox 141 1899 815 1963; baseline 0 -15"><span class='ocrx_word' id='word_1_170' title='bbox 141 1915 200 1948; x_wconf 79' lang='lat' dir='ltr'><strong>vere</strong></span> <span class='ocrx_word' id='word_1_171' title='bbox 210 1901 257 1948; x_wconf 86' lang='lat' dir='ltr'><strong>vim</strong></span> <span class='ocrx_word' id='word_1_172' title='bbox 266 1909 332 1962; x_wconf 83' lang='lat' dir='ltr'><strong>atque</strong></span> <span class='ocrx_word' id='word_1_173' title='bbox 344 1916 398 1962; x_wconf 87' lang='lat' dir='ltr'><strong>opes</strong></span> <span class='ocrx_word' id='word_1_174' title='bbox 405 1901 542 1963; x_wconf 74' lang='lat' dir='ltr'><strong>principibus</strong></span> <span class='ocrx_word' id='word_1_175' title='bbox 549 1899 662 1953; x_wconf 74' lang='lat' dir='ltr'><strong>infensas:</strong></span> <span class='ocrx_word' id='word_1_176' title='bbox 676 1901 815 1962; x_wconf 72' lang='lat' dir='ltr'><strong>precipuum</strong></span> 
     </span>
     <span class='ocr_line' id='line_1_27' title="bbox 143 1962 816 2014; baseline -0.003 0"><span class='ocrx_word' id='word_1_177' title='bbox 143 1973 261 2014; x_wconf 85' lang='lat' dir='ltr'><strong>auctorem</strong></span> <span class='ocrx_word' id='word_1_178' title='bbox 278 1966 406 2014; x_wconf 79' lang='lat' dir='ltr'><strong>Asiaticum</strong></span> <span class='ocrx_word' id='word_1_179' title='bbox 423 1964 572 2013; x_wconf 79' lang='lat' dir='ltr'><strong>interficiendi</strong></span> <span class='ocrx_word' id='word_1_180' title='bbox 584 1962 696 2013; x_wconf 74' lang='lat' dir='ltr'><strong>Caesaris:</strong></span> <span class='ocrx_word' id='word_1_181' title='bbox 716 1980 763 2012; x_wconf 86' lang='lat' dir='ltr'><strong>non</strong></span> <span class='ocrx_word' id='word_1_182' title='bbox 773 1980 816 2012; x_wconf 81' lang='lat' dir='ltr'><strong>ex·</strong></span> 
     </span>
     <span class='ocr_line' id='line_1_28' title="bbox 142 2029 817 2093; baseline -0.003 -15"><span class='ocrx_word' id='word_1_183' title='bbox 142 2031 249 2078; x_wconf 82' lang='lat' dir='ltr'><strong>timuisse</strong></span> <span class='ocrx_word' id='word_1_184' title='bbox 260 2032 393 2078; x_wconf 85' lang='lat' dir='ltr'><strong>concionem</strong></span> <span class='ocrx_word' id='word_1_185' title='bbox 404 2029 482 2093; x_wconf 85' lang='lat' dir='ltr'><strong>populi</strong></span> <span class='ocrx_word' id='word_1_186' title='bbox 492 2030 606 2087; x_wconf 77' lang='lat' dir='ltr'><strong>Romeni3</strong></span> <span class='ocrx_word' id='word_1_187' title='bbox 623 2029 695 2085; x_wconf 85' lang='lat' dir='ltr'><strong>fateri,</strong></span> <span class='ocrx_word' id='word_1_188' title='bbox 705 2030 817 2092; x_wconf 79' lang='lat' dir='ltr'><strong>gloriam·</strong></span> 
     </span>
     <span class='ocr_line' id='line_1_29' title="bbox 143 2094 815 2158; baseline 0.001 -17"><span class='ocrx_word' id='word_1_189' title='bbox 143 2111 192 2157; x_wconf 89' lang='lat' dir='ltr'><strong>qne</strong></span> <span class='ocrx_word' id='word_1_190' title='bbox 208 2095 315 2144; x_wconf 75' lang='lat' dir='ltr'><strong>facinoris</strong></span> <span class='ocrx_word' id='word_1_191' title='bbox 332 2097 391 2144; x_wconf 86' lang='lat' dir='ltr'><strong>ultro</strong></span> <span class='ocrx_word' id='word_1_192' title='bbox 408 2103 500 2158; x_wconf 85' lang='lat' dir='ltr'><strong>petere:</strong></span> <span class='ocrx_word' id='word_1_193' title='bbox 520 2095 605 2142; x_wconf 89' lang='lat' dir='ltr'><strong>ciarum</strong></span> <span class='ocrx_word' id='word_1_194' title='bbox 621 2110 651 2142; x_wconf 79' lang='lat' dir='ltr'><strong>ex</strong></span> <span class='ocrx_word' id='word_1_195' title='bbox 668 2111 696 2142; x_wconf 89' lang='lat' dir='ltr'><strong>ao</strong></span> <span class='ocrx_word' id='word_1_196' title='bbox 706 2095 730 2141; x_wconf 92' lang='lat' dir='ltr'><strong>in</strong></span> <span class='ocrx_word' id='word_1_197' title='bbox 744 2094 815 2150; x_wconf 79' lang='lat' dir='ltr'><strong>Urbe,</strong></span> 
     </span>
     <span class='ocr_line' id='line_1_30' title="bbox 142 2159 819 2226; baseline 0 -18"><span class='ocrx_word' id='word_1_198' title='bbox 142 2159 217 2208; x_wconf 76' lang='lat' dir='ltr'><strong>diditi</strong></span> <span class='ocrx_word' id='word_1_199' title='bbox 227 2177 266 2222; x_wconf 84' lang='lat' dir='ltr'><strong>per</strong></span> <span class='ocrx_word' id='word_1_200' title='bbox 276 2162 404 2226; x_wconf 83' lang='lat' dir='ltr'><strong>provincias</strong></span> <span class='ocrx_word' id='word_1_201' title='bbox 413 2160 482 2215; x_wconf 72' lang='lat' dir='ltr'><strong>fami,</strong></span> <span class='ocrx_word' id='word_1_202' title='bbox 492 2176 571 2222; x_wconf 86' lang='lat' dir='ltr'><strong>parare</strong></span> <span class='ocrx_word' id='word_1_203' title='bbox 578 2161 622 2206; x_wconf 87' lang='lat' dir='ltr'><strong>iter</strong></span> <span class='ocrx_word' id='word_1_204' title='bbox 629 2161 658 2206; x_wconf 90' lang='lat' dir='ltr'><strong>ad</strong></span> <span class='ocrx_word' id='word_1_205' title='bbox 666 2161 819 2208; x_wconf 69' lang='lat' dir='ltr'><strong>Germanica</strong></span> 
     </span>
     <span class='ocr_line' id='line_1_31' title="bbox 143 2225 818 2289; baseline -0.001 -15"><span class='ocrx_word' id='word_1_206' title='bbox 143 2227 275 2284; x_wconf 82' lang='lat' dir='ltr'><strong>exercitus;</strong></span> <span class='ocrx_word' id='word_1_207' title='bbox 292 2227 382 2289; x_wconf 77' lang='lat' dir='ltr'><strong>quando</strong></span> <span class='ocrx_word' id='word_1_208' title='bbox 393 2228 485 2288; x_wconf 82' lang='lat' dir='ltr'><strong>genitus</strong></span> <span class='ocrx_word' id='word_1_209' title='bbox 495 2225 600 2278; x_wconf 71' lang='lat' dir='ltr'><strong>Viennae,</strong></span> <span class='ocrx_word' id='word_1_210' title='bbox 612 2225 734 2285; x_wconf 86' lang='lat' dir='ltr'><strong>multisque</strong></span> <span class='ocrx_word' id='word_1_211' title='bbox 745 2232 769 2273; x_wconf 87' lang='lat' dir='ltr'><strong>et</strong></span> <span class='ocrx_word' id='word_1_212' title='bbox 776 2241 818 2273; x_wconf 78' lang='lat' dir='ltr'><strong>va·</strong></span> 
     </span>
     <span class='ocr_line' id='line_1_32' title="bbox 142 2283 816 2356; baseline -0.003 -16"><span class='ocrx_word' id='word_1_213' title='bbox 142 2293 198 2340; x_wconf 88' lang='lat' dir='ltr'><strong>lidis</strong></span> <span class='ocrx_word' id='word_1_214' title='bbox 215 2283 416 2356; x_wconf 80' lang='lat' dir='ltr'><strong>propinquitatibus</strong></span> <span class='ocrx_word' id='word_1_215' title='bbox 433 2292 549 2347; x_wconf 86' lang='lat' dir='ltr'><strong>subnixus,</strong></span> <span class='ocrx_word' id='word_1_216' title='bbox 566 2291 656 2337; x_wconf 88' lang='lat' dir='ltr'><strong>turbare</strong></span> <span class='ocrx_word' id='word_1_217' title='bbox 667 2291 765 2351; x_wconf 83' lang='lat' dir='ltr'><strong>gentiles</strong></span> <span class='ocrx_word' id='word_1_218' title='bbox 775 2306 816 2338; x_wconf 85' lang='lat' dir='ltr'><strong>na·</strong></span> 
     </span>
     <span class='ocr_line' id='line_1_33' title="bbox 142 2354 820 2420; baseline -0.006 -14"><span class='ocrx_word' id='word_1_219' title='bbox 142 2359 222 2406; x_wconf 80' lang='lat' dir='ltr'><strong>tiones</strong></span> <span class='ocrx_word' id='word_1_220' title='bbox 240 2363 354 2420; x_wconf 86' lang='lat' dir='ltr'><strong>promtum</strong></span> <span class='ocrx_word' id='word_1_221' title='bbox 374 2358 471 2404; x_wconf 79' lang='lat' dir='ltr'><strong>haberet.</strong></span> <span class='ocrx_word' id='word_1_222' title='bbox 503 2354 669 2410; x_wconf 71' lang='lat' dir='ltr'><strong>Accianum,</strong></span> <span class='ocrx_word' id='word_1_223' title='bbox 686 2355 742 2401; x_wconf 89' lang='lat' dir='ltr'><strong>nibil</strong></span> <span class='ocrx_word' id='word_1_224' title='bbox 759 2355 820 2402; x_wconf 84' lang='lat' dir='ltr'><strong>ultra</strong></span> 
     </span>
     <span class='ocr_line' id='line_1_34' title="bbox 144 2419 819 2482; baseline -0.009 -10"><span class='ocrx_word' id='word_1_225' title='bbox 144 2429 269 2476; x_wconf 84' lang='lat' dir='ltr'><strong>scrutatus,</strong></span> <span class='ocrx_word' id='word_1_226' title='bbox 286 2423 336 2469; x_wconf 81' lang='lat' dir='ltr'><strong>citis</strong></span> <span class='ocrx_word' id='word_1_227' title='bbox 347 2437 398 2468; x_wconf 88' lang='lat' dir='ltr'><strong>eum</strong></span> <span class='ocrx_word' id='word_1_228' title='bbox 410 2421 524 2476; x_wconf 77' lang='lat' dir='ltr'><strong>militibus,</strong></span> <span class='ocrx_word' id='word_1_229' title='bbox 541 2428 654 2482; x_wconf 81' lang='lat' dir='ltr'><strong>tamquam</strong></span> <span class='ocrx_word' id='word_1_230' title='bbox 671 2419 819 2482; x_wconf 83' lang='lat' dir='ltr'><strong>opprimendo</strong></span> 
     </span>
     <span class='ocr_line' id='line_1_35' title="bbox 143 2485 819 2550; baseline -0.007 -16"><span class='ocrx_word' id='word_1_231' title='bbox 143 2488 215 2543; x_wconf 84' lang='lat' dir='ltr'><strong>bello,</strong></span> <span class='ocrx_word' id='word_1_232' title='bbox 234 2485 370 2550; x_wconf 76' lang='lat' dir='ltr'><strong>Crispinum,</strong></span> <span class='ocrx_word' id='word_1_233' title='bbox 387 2487 488 2548; x_wconf 80' lang='lat' dir='ltr'><strong>praetorii</strong></span> <span class='ocrx_word' id='word_1_234' title='bbox 499 2486 638 2548; x_wconf 80' lang='lat' dir='ltr'><strong>praefectum,</strong></span> <span class='ocrx_word' id='word_1_235' title='bbox 654 2486 718 2533; x_wconf 85' lang='lat' dir='ltr'><strong>misit</strong></span> <span class='ocrx_word' id='word_1_236' title='bbox 723 2503 732 2543; x_wconf 87' lang='lat'>;</span> <span class='ocrx_word' id='word_1_237' title='bbox 748 2499 819 2544; x_wconf 87' lang='lat' dir='ltr'><strong>aquo</strong></span> 
     </span>
     <span class='ocr_line' id='line_1_36' title="bbox 145 2549 820 2619; baseline -0.009 -18"><span class='ocrx_word' id='word_1_238' title='bbox 145 2560 254 2619; x_wconf 83' lang='lat' dir='ltr'><strong>repertus</strong></span> <span class='ocrx_word' id='word_1_239' title='bbox 264 2560 300 2601; x_wconf 81' lang='lat' dir='ltr'><strong>est</strong></span> <span class='ocrx_word' id='word_1_240' title='bbox 308 2552 367 2615; x_wconf 85' lang='lat' dir='ltr'><strong>apud</strong></span> <span class='ocrx_word' id='word_1_241' title='bbox 379 2551 454 2608; x_wconf 83' lang='lat' dir='ltr'><strong>Baias,</strong></span> <span class='ocrx_word' id='word_1_242' title='bbox 466 2551 592 2613; x_wconf 64' lang='lat' dir='ltr'><strong>vineisque</strong></span> <span class='ocrx_word' id='word_1_243' title='bbox 603 2552 686 2608; x_wconf 84' lang='lat' dir='ltr'><strong>inditis,</strong></span> <span class='ocrx_word' id='word_1_244' title='bbox 697 2551 723 2597; x_wconf 86' lang='lat' dir='ltr'><strong>in</strong></span> <span class='ocrx_word' id='word_1_245' title='bbox 731 2549 820 2597; x_wconf 81' lang='lat' dir='ltr'><strong>Urbem</strong></span> 
     </span>
     <span class='ocr_line' id='line_1_37' title="bbox 146 2620 809 2681; baseline 0 -16"><span class='ocrx_word' id='word_1_246' title='bbox 146 2626 236 2681; x_wconf 79' lang='lat' dir='ltr'><strong>raptus.</strong></span> <span class='ocrx_word' id='word_1_247' title='bbox 799 2620 809 2633; x_wconf 84' lang='lat'><strong><em>⁴</em></strong></span> 
     </span>
    </p>
   </div>
   <div class='ocr_carea' id='block_1_4' title="bbox 54 2677 821 2746">
    <p class='ocr_par' dir='ltr' id='par_1_4' title="bbox 54 2677 821 2746">
     <span class='ocr_line' id='line_1_38' title="bbox 54 2677 821 2746; baseline -0.012 -15"><span class='ocrx_word' id='word_1_248' title='bbox 54 2707 61 2714; x_wconf 88' lang='lat'><em>·</em></span> <span class='ocrx_word' id='word_1_249' title='bbox 158 2715 162 2722; x_wconf 86' lang='lat'>-</span> <span class='ocrx_word' id='word_1_250' title='bbox 184 2681 219 2732; x_wconf 90' lang='lat'><strong>11.</strong></span> <span class='ocrx_word' id='word_1_251' title='bbox 235 2683 318 2744; x_wconf 83' lang='lat' dir='ltr'><strong>Neque</strong></span> <span class='ocrx_word' id='word_1_252' title='bbox 337 2683 390 2732; x_wconf 81' lang='lat' dir='ltr'><strong>data</strong></span> <span class='ocrx_word' id='word_1_253' title='bbox 406 2682 500 2732; x_wconf 71' lang='lat' dir='ltr'><strong>senuus</strong></span> <span class='ocrx_word' id='word_1_254' title='bbox 518 2682 596 2746; x_wconf 76' lang='lat' dir='ltr'><strong>capia:</strong></span> <span class='ocrx_word' id='word_1_255' title='bbox 615 2681 675 2728; x_wconf 89' lang='lat' dir='ltr'><strong>intra</strong></span> <span class='ocrx_word' id='word_1_256' title='bbox 694 2677 821 2724; x_wconf 77' lang='lat' dir='ltr'><strong>cubiculum</strong></span> 
     </span>
    </p>
   </div>
   <div class='ocr_carea' id='block_1_5' title="bbox 0 0 932 2909">
    <p class='ocr_par' dir='ltr' id='par_1_5' title="bbox 0 0 932 2909">
     <span class='ocr_line' id='line_1_39' title="bbox 0 0 932 2909; baseline 0 0"><span class='ocrx_word' id='word_1_257' title='bbox 0 0 932 2909; x_wconf 95' lang='lat' dir='ltr'><strong> </strong></span> 
     </span>
    </p>
   </div>
  </div>
 </body>
</html>
