1842 2909
71 109 212 153 ιω.
252 102 442 159 ANNALIUM
459 107 538 157 Lini
555 107 662 159 omre
694 145 696 150 .
725 117 758 161 ss

96 239 199 300 trudique
210 237 295 287 Caesari
306 240 395 301 plsouit.
417 239 694 303 Edendi-gnomonis,
703 256 759 303 quos

99 304 230 351 Germanici
246 304 321 352 fratria
337 320 363 351 so
381 321 432 355 suo
437 307 528 353 nomine
539 306 656 381 obtulerat,
667 305 760 355 Drusus

96 369 217 430 presedit,
224 368 358 430 quamquam
376 370 414 416 vili
433 371 552 433 sanguine,
561 371 629 417 nimis
642 372 758 432 gaudens·

96 434 160 497 quod
170 434 240 496 vulgo
250 433 426 489 formidolosum,
444 443 468 481 et
482 443 546 497 pater
559 436 661 511 arguisse
670 436 760 483 diceba-

95 506 143 545 tur.
171 496 220 547 Cur
230 498 359 547 abstinuerit
365 500 503 560 spectaculo*
496 515 556 579 ιρις..
560 500 622 547 voris
631 500 759 551 trabebant·

96 563 137 609 alii
153 564 221 611 tsedio
238 563 317 618 coetds,
335 564 424 624 quidem
444 562 535 611 tristitid
549 565 647 627 ingenii
658 574 682 611 et
697 573 761 613 metu

97 628 284 689 comparationis,
297 629 349 689 quia
368 630 488 691 Augustus
506 630 601 677 comiter
618 629 763 693 interfuisset.

97 692 157 740 Non
168 693 304 747 crediderim,
323 693 351 741 ad
363 695 518 741 ostentandam
534 694 652 748 sevitiam,
666 709 762 741 moven-

98 756 186 817 dasque
197 758 271 819 populi
282 757 422 813 offensiones,
434 774 564 822 conoessum
574 758 622 805 lilio
631 759 760 817 materiem

100 837 237 883 quamquem
248 822 271 869 id
281 838 370 883 quoque
380 824 465 870 dictum
476 831 518 870 est.

99 938 102 943 ,
134 885 269 933 LXXVII.
295 888 329 935 At
347 889 427 935 theatri
448 889 545 941 licentia,
564 888 668 949 proximo
689 887 764 950 priore

100 966 163 999 anno
174 959 253 1013 coepta,
265 954 357 1013 gravius
367 960 415 999 tum
427 954 507 1013 erupit,
518 954 598 999 occisis
608 968 655 999 non
666 954 734 1000 modo
748 970 762 999 e

99 1017 174 1079 plebe,
190 1016 230 1063 sed
243 1017 348 1063 militibus
359 1025 382 1063 et
393 1019 530 1071 centurione,
545 1016 663 1063 vulnerato
674 1018 764 1065 tribuno

100 1082 215 1143 praetoriae
225 1082 329 1136 cohortis,
340 1082 393 1128 dum
404 1082 485 1143 probra
498 1083 521 1127 in
532 1081 677 1141 magistratus
686 1089 710 1128 et
717 1082 763 1129 ‹lis-

102 1146 232 1193 sensionem
242 1146 305 1207 vulgi
321 1147 445 1207 prohibent.
478 1146 563 1192 Actum
574 1144 604 1191 ‹le
614 1144 642 1192 ei
654 1146 763 1194 seditione

103 1211 164 1272 apud
182 1217 262 1272 patres,
273 1210 444 1273 dicebanturque
455 1211 582 1264 sententie,
597 1217 623 1257 nt
632 1211 765 1273 pretoribss

98 1278 139 1339 jus
151 1276 264 1337 virgarum
276 1276 300 1321 in
311 1275 430 1322 histriones
445 1283 513 1322 esset.
545 1273 677 1323 Intercessit
689 1274 765 1323 Hate-

102 1342 151 1387 rius
164 1340 265 1401 Agrippa
275 1340 376 1387 tribunus
386 1340 464 1401 plebei,
475 1340 639 1402 increpitusque
649 1340 766 1389 estAsinii

105 1405 167 1453 Galli
179 1406 285 1459 oratione,
297 1406 376 1451 silente
382 1404 526 1465 'liberioqni
537 1420 563 1451 ea
571 1405 688 1453 simulacra
699 1405 767 1453 liber-

104 1471 158 1516 tatis
180 1470 266 1515 senatni
287 1470 405 1531 praebebnt
439 1468 516 1516 Veluit
537 1477 612 1517 tamen
628 1471 766 1526 intercessio,

104 1536 158 1595 quia
173 1535 238 1586 divus
253 1534 371 1595 Augustus
387 1536 500 1581 immunes
515 1535 631 1581 verberum
648 1536 767 1581 histriones

102 1598 218 1659 qnondam
236 1600 385 1659 responderat,
398 1614 472 1660 neque
489 1598 524 1646 fas
539 1598 630 1645 Tiberio
645 1598 768 1661 infringere

104 1665 166 1709 dicta
179 1666 234 1725 eJus.
267 1662 306 1711 De
319 1664 387 1711 modo
399 1665 488 1717 lucaris,
500 1671 524 1710 et
535 1664 641 1710 adversm
654 1664 769 1711 lasciviam
783 1691 785 1694 ·

103 1727 227 1783 lautorum,
244 1728 315 1775 multa
331 1729 495 1776 decernunturr
514 1743 543 1775 ex
558 1724 609 1789 quis
625 1730 722 1777 maxime
732 1729 770 1775 in·
815 1758 819 1765 ι

106 1794 194 1855 signia:
214 1808 243 1839 ne
257 1793 336 1841 domos
349 1794 536 1868 pantomimorum
551 1799 641 1839 senator
650 1793 769 1850 introiret;

106 1874 136 1905 ne
153 1858 316 1919 egredientes
311 1873 336 1904 ιιι
351 1859 464 1920 publicum
478 1858 563 1919 equites
574 1856 708 1904 Romani'
683 1872 768 1919 ,cinge-

106 1931 174 1980 rent;
192 1930 231 1969 sut
250 1924 301 1969 alibi
319 1938 386 1983 quam
408 1923 432 1968 in
450 1923 539 1969 tbeatro
560 1925 727 1983 spectarentur3
746 1928 771 1967 et
864 1927 868 1933 '

107 1989 256 2050 spectantium
271 1987 434 2034 immodestiam
452 1988 532 2034 exsilio
546 1986 654 2033 multandi
669 1993 770 2047 potestas

106 2050 320 2115 praetoribusfieret
404 2053 406 2057 '
592 2103 595 2108 Ι

141 2114 290 2164 LXXVIII.
307 2116 427 2178 Templum
436 2124 461 2163 ut
472 2117 495 2163 in
506 2114 596 2163 colonib
605 2114 770 2170 Tarraconensi

106 2189 232 2229 strueretur
243 2181 356 2243 Augusto,
367 2183 493 2243 petentibus
502 2180 611 2243 Hispanis
621 2182 769 2243 permissum
797 2237 800 2244 Δ

17 2308 20 2312 A
80 2247 230 2309 „datumque
240 2247 264 2305 in
275 2262 354 2293 omnes
364 2247 491 2309 provincias
501 2247 636 2308 exemplum.
665 2244 769 2294 Centesi-
911 2301 914 2314 ,

106 2326 168 2357 mam
184 2326 259 2357 rerum
277 2312 395 2365 venalium,
413 2320 463 2372 post
476 2312 535 2357 bella
550 2311 624 2358 civilia
637 2311 771 2361 institutam.
852 2351 855 2356 .

102 2376 244 2437 deprecante
254 2376 343 2437 populo,
354 2376 424 2423 edixit
440 2375 550 2429 Tiberius,
561 2376 657 2423 militnre
667 2376 770 2421 aernrium

103 2456 138 2495 ¹en
148 2440 246 2487 subsidio
258 2442 312 2487 niti:
332 2441 399 2488 simul
408 2441 516 2503 imparem
533 2441 596 2487 oneri
607 2440 772 2501 rempublicam,

108 2507 151 2552 uisi
168 2506 276 2553 vicesimo
296 2506 382 2553 militiae
399 2521 459 2553 armo
478 2506 578 2553 veterani
601 2504 772 2551 dimitterentur.

109 2569 267 2632 ltuproximae
279 2571 392 2630 seditionis
401 2572 459 2627 mele
469 2572 578 2625 consulta,
586 2570 665 2630 quibua
676 2566 773 2623 sedecim

110 2635 271 2698 stipendiorum
279 2634 347 2695 finem
356 2643 518 2703 expresserant,
526 2636 609 2684 moin
618 2635 643 2681 in
653 2640 775 2695 posterum·
