1842 2909
114 121 137 161 J.
146 121 172 160 c.
181 121 214 158 41.
289 115 342 164 Lu
353 112 400 163 ΙΧ.
417 112 617 163 ANNALIUM.
730 121 778 193 271]

113 248 173 302 lietu,
191 255 217 295 ut
228 246 379 304 Mithridates,
398 261 412 293 a
422 261 507 309 magno
517 245 652 294 Mithridate
662 247 777 304 oriundus,

111 311 218 374 Bosporo
229 313 354 359 donaretur.
389 311 423 359 At
435 320 460 358 ut
471 312 564 374 egregia
574 312 685 374 Agrippae
695 313 776 368 officia,

109 377 145 425 ita
151 378 248 424 maxima
257 377 300 424 luit
310 377 391 439 gratia.
410 376 466 423 Non
476 377 544 423 modo
554 375 686 424 confirmata
696 393 775 440 regna,

110 443 221 504 quaejam
233 453 355 504 acceperat,
366 442 448 489 addite
458 442 531 488 adbuc
541 440 624 489 Judaa
632 448 657 488 et
667 441 775 490 Samaria.

111 505 145 553 Ei
164 521 252 568 quoque
270 507 360 554 decreta
378 507 504 554 consularia
519 507 622 568 insignia,
640 505 703 553 fratri
725 508 774 571 eJ‘us

105 569 201 618 Herodi
211 572 330 632 pretoria:
350 571 466 632 multaque
475 570 492 618 J
493 571 563 618 udaeis
572 571 673 618 indulta.-

146 633 268 698 [Eamdem
279 636 406 696 aequitatem
423 644 523 698 erperae
541 636 614 691 urbes,
630 635 710 697 quibua
725 644 772 684 sta·

110 707 162 748 tuas
181 698 263 748 aCaio
281 700 365 748 ablatas
382 701 486 748 restituit.
519 700 603 762 Neque
618 717 685 763 opum
704 716 772 764 appo·

109 771 169 820 tens,
188 767 261 813 vetuit
271 780 300 812 ne
310 766 366 826 quis,
385 767 524 828 sicognatos
540 766 638 820 haberet.
657 765 772 814 Caesarem

108 831 218 878 scriberet
228 831 348 878 haeredem
381 829 490 884 Danum,
504 831 565 891 quod
575 832 599 876 in
614 845 673 877 novo
689 831 773 892 princi·

110 903 166 957 patu
177 895 339 950 difficillimum,
354 896 469 957 abruptam
480 897 622 942 seventatem
633 896 692 941 inter
702 902 726 941 et
736 897 772 942 ni·

110 961 180 1007 miam
199 959 328 1018 facilitatem
342 966 519 1022 temperamento
538 974 598 1013 usus,
617 960 679 1006 varia
697 961 773 1007 sanxit

110 1025 192 1086 quibus
200 1026 306 1072 sanctitas
316 1025 402 1087 legum,
410 1026 494 1071 civium
501 1025 657 1086 tranquillitas,
668 1024 771 1072 ludorum

108 1089 236 1138 moderatio
249 1090 407 1137 adstrueretur.
440 1088 494 1152 Ipse
512 1087 655 1136 obrenuntid
674 1089 697 1134 iu
716 1103 772 1136 oon·

110 1154 178 1206 aulea.
192 1155 331 1216 benignitate
345 1169 400 1216 erga
410 1169 496 1208 omnen,
511 1155 592 1216 ingens
601 1153 720 1200 modestia
729 1167 771 1201 ex·

108 1233 146 1265 em
162 1219 210 1266 lum
221 1219 321 1266 simulet
332 1220 508 1266 incitamentum.

145 1235 224 1346 floreta
233 1283 323 1345 quidem
334 1284 403 1338 initia,
415 1283 454 1330 sed
468 1285 513 1331 cito
524 1291 629 1345 corrupta
639 1282 771 1331 Messalinae

108 1348 243 1405 libidinibus,
268 1346 388 1395 insolentld
408 1348 545 1403 libertorum,
574 1349 654 1395 hebete
679 1349 772 1411 ingenio

108 1414 223 1477 principis,
238 1413 275 1474 qui
287 1411 366 1460 naturd
374 1412 492 1467 invalidus,
503 1412 614 1460 serviliter
623 1413 726 1472 eductus,
742 1414 771 1460 li·

108 1479 203 1526 teratior
217 1479 344 1539 mitiorque,
363 1493 428 1538 quam
439 1478 562 1540 principem
572 1478 691 1525 mediocris
702 1480 771 1525 animi

109 1545 183 1597 decet,
197 1557 268 1605 pauca
277 1559 318 1605 pro
329 1543 419 1590 arbitrio
429 1550 453 1589 et
463 1544 581 1604 majestate
589 1543 683 1604 imperii,
697 1544 772 1604 plera·

108 1625 155 1670 que
165 1609 238 1656 alieno
249 1608 353 1669 impulsu,
363 1608 502 1670 praecipitive
511 1613 574 1654 metu
585 1613 625 1652 aut
635 1607 721 1668 impetu
732 1621 771 1654 at*

107 1673 198 1722 titavit:
221 1673 393 1720 dominationem
410 1673 449 1719 rix
466 1678 600 1725 retenturus,
618 1672 642 1717 ni
657 1671 718 1718 mole
730 1670 773 1718 sud

106 1739 244 1800 aliquamdiu
260 1745 345 1785 amrent
358 1751 442 1798 magna
454 1737 563 1798 imperia;
579 1734 694 1798 legatique
704 1751 771 1784 exer·

106 1805 196 1852 cituum
206 1802 301 1856 obviam,
313 1803 353 1849 sed
369 1808 464 1864 turpemp
474 1799 588 1848 fortunam
598 1801 713 1847 illustriori
729 1801 771 1848 ob-

106 1870 188 1930 sequio
198 1867 383 1930 postposuissem.

143 1932 208 1994 [Hos
224 1934 283 1980 inter
299 1933 393 1978 eminuit
411 1931 524 1994 Sulpicius
540 1931 621 1984 Galba,
640 1931 772 1978 Germania

104 1995 771 2121 {tatttttltnitttttssttlmt·„2:⁰3¹

103 2129 206 2184 sendere,
218 2142 285 2188 quam
296 2141 420 2188 uaurpare;
438 2124 563 2186 cattosque
578 2125 668 2179 devicit,
685 2123 731 2171 lide
746 2131 771 2172 et

104 2191 205 2241 victoria
211 2193 313 2240 intimam
324 2192 431 2254 principis
440 2190 619 2238 benevolentiam
629 2190 772 2251 promeritus.

105 2257 196 2306 Laudis
217 2257 319 2312 aemulus,
337 2255 365 2305 Pr
383 2255 500 2310 Gabinius,
520 2255 651 2302 Germaniae
671 2253 771 2302 inferiori
844 2263 847 2268 '

103 2322 234 2387 praelectus,
246 2321 351 2371 Chaiicos
362 2321 487 2368 debellavit
520 2320 596 2367 Aucta
606 2319 692 2374 laetitia,
703 2319 772 2380 quod,

104 2399 160 2450 quae
171 2388 219 2436 sola
226 2387 285 2450 apud
294 2387 370 2434 hostes
378 2391 499 2448 supererat,
507 2384 594 2447 captam
601 2381 702 2431 Variand
708 2383 773 2431 clade·

104 2453 206 2516 legionis
221 2451 317 2514 aquilam
327 2451 465 2514 reportavit3
481 2451 578 2510 indeque
590 2446 704 2498 Cbaiicim
714 2455 773 2508 eog-¹

104 2533 192 2566 nomen
202 2517 305 2565 obtiniut
337 2515 446 2578 Princeps
456 2530 521 2569 νοτυς
529 2513 679 2577 periculorum
690 2519 714 2559 et
723 2511 772 2557 bel·

73 2589 76 2593 '
103 2585 182 2631 lorum
193 2597 280 2645 expers,
297 2582 326 2628 ob
336 2589 454 2642 utramque
467 2576 724 2638 victoriam'lmperator
734 2589 772 2650 ss·

103 2651 193 2700 lutatus
208 2655 250 2696 ert.
283 2645 376 2703 Liberti,
388 2645 533 2709 exquisitiora
543 2642 678 2698 adulatione,
688 2639 713 2686 in
724 2651 773 2700 qua
794 2670 800 2682 .
