1842 2909
62 206 65 211 ¹
122 154 220 196 run.
269 141 688 202 ,arauauunrnmvtmns
738 155 781 204 tar

124 283 188 330 niam
199 288 285 330 saerata
295 283 421 337 rimantem,
432 283 587 344 delectumque
598 299 612 330 a
624 284 712 346 Sejano,
722 285 785 346 cujus

124 363 168 410 cpe
178 348 242 395 dolus
253 347 283 396 C.
294 346 381 396 cassari
391 355 521 409 pararetur:
541 350 601 409 quod
615 353 732 411 postquam
743 365 784 412 pa·

125 412 240 467 tefactum,
255 411 376 475 proruptire
390 420 499 474 concepta
509 414 593 474 pridem
605 414 656 460 odia
663 431 671 471 ;
688 421 711 460 et
723 429 785 461 sum·

123 491 190 588 ῗιῐιιέ
199 477 332 541 supplicium
343 478 509 534 decernebatur,
521 478 544 524 ni
559 477 673 540 professus
680 475 787 526 indicium

134 554 149 589 ο
617 577 620 582 .

92 644 100 649 ,
159 605 205 654 lv.
222 606 258 653 Ut
274 619 330 654 vcro
347 605 463 652 Latinium
481 605 595 654 Latiarem
614 607 729 670 ingressus
746 615 787 664 art,

125 679 242 718 accusator
252 687 279 718 ac
289 687 342 718 reus
347 671 415 734 juxta
425 672 499 726 invisi,
510 672 660 734 gratissimum
673 680 788 734 spectacu-

124 735 173 783 lum
183 737 329 797 praebebatur.
362 734 465 790 latiaris,
477 742 502 782 ut
514 737 585 790 retuli,
597 739 721 800 praecipuus
732 739 786 784 olim

125 801 314 848 circumveniendi
324 799 380 846 'litii
396 800 478 854 Sabini,
497 807 520 846 et
537 808 591 848 tunc
608 803 787 864 luendae'prenoe

125 866 212 928 primus
229 865 285 911 linit..
311 863 375 911 Inter
385 879 436 925 quae
448 864 557 912 Haterius
568 864 670 928 Agrippa
681 868 785 914 consules

125 931 180 977 anni
190 931 270 991 primia
280 929 370 983 invasit,
388 945 436 983 cur,
450 927 529 975 mutui
539 931 680 976 accusatione
690 929 785 985 intenti,

125 1009 187 1042 nranc
198 993 305 1042 silerent?
321 1001 407 1040 metum
424 1008 517 1055 prorsus
536 1000 559 1039 et
569 995 659 1042 noxiora
671 997 787 1042 conscien-

89 1103 93 1108 .
126 1059 168 1106 rire
185 1058 328 1120 pro‘foedere
338 1059 427 1104 haberi:
446 1065 470 1104 at
488 1072 532 1104 non
552 1059 650 1119 patribus
668 1060 787 1115 reticenda,

126 1137 180 1186 quae
189 1123 334 1169 audivissent.
364 1123 475 1185 Regillus,
486 1137 578 1169 manere
588 1129 676 1184 tempus
688 1124 786 1178 ultionis,

126 1199 199 1248 aeque
209 1203 284 1234 coram
299 1187 398 1250 principe
408 1194 581 1234 exsecuturum:
599 1185 664 1245 Trio,
676 1188 787 1235 aenulati-

127 1266 195 1300 onem
206 1252 265 1299 inter
284 1252 389 1313 collegas,
406 1255 438 1305 el,
455 1253 531 1314 siqua
545 1253 658 1299 discordas
671 1254 787 1316 jecissent,

126 1315 209 1364 melius
218 1317 336 1370 obliterari,
346 1316 466 1378 rospondit.
493 1315 597 1378 Urgente
608 1315 715 1380 Agrippi,
731 1317 789 1364 San·

126 1382 217 1444 qaiaim
234 1380 359 1436 Maximus,
378 1396 393 1427 e
411 1381 573 1438 consularibus,
591 1384 663 1429 orarit
675 1388 786 1440 senatum,
877 1377 880 1385 '

127 1458 158 1494 ne
168 1460 233 1493 coras
242 1445 383 1507 imperatoria
392 1446 523 1506 conquisitis
534 1447 623 1508 insuper
634 1448 788 1496 acerbitadlrua
875 1476 878 1480 -

126 1518 252 1573 urgerentr
270 1510 373 1556 sufficere
389 1511 463 1572 ipsum
474 1511 597 1557 statuendis
608 1508 718 1558 remediis.
750 1512 788 1558 sm

126 1573 225 1637 Regulo·
232 1574 298 1629 salus,
317 1582 341 1621 at
350 1573 430 1620 Trioni
441 1575 518 1622 dilatio
528 1575 589 1620 exitii
600 1577 701 1637 quaesittt.
734 1575 787 1625 Ha·

126 1641 200 1686 terius
208 1639 302 1686 invisior
312 1638 362 1694 tuit,
377 1641 437 1700 quia,
457 1653 536 1686 somno
547 1646 586 1686 aut
596 1640 718 1686 libidinosis
728 1640 789 1702 vigi·

124 1705 163 1751 liis
182 1705 301 1760 marcidus,
317 1711 347 1759 et,
365 1706 395 1751 ob
410 1704 536 1766 segnitiam,
555 1706 657 1764 quamvis
676 1704 789 1750 crudelem

123 1769 250 1832 principem
266 1783 313 1815 non
328 1775 439 1823 metuens,
455 1769 578 1816 illustribus
596 1769 650 1816 viris
660 1769 789 1832 perniciem,

124 1835 187 1880 inter
193 1846 289 1896 gneum
300 1849 327 1880 aa
337 1841 420 1896 struma,
431 1833 585 1880 meditabatur.

159 1896 192 1944 V.
208 1897 271 1944 Exin
283 1895 354 1946 Cotta
369 1897 514 1952 Messalinus,
534 1899 664 1944 soeviasimae
681 1899 789 1958 citiusque

125 1963 341 2018 tantautiaeauctor,
361 1977 433 2023 acqua
448 1961 574 2010 inveterati
585 1961 675 2017 invidit,
694 1963 731 2009 ubi
742 1963 789 2024 pri·

124 2038 191 2073 rtrum
201 2026 296 2074 facultas
306 2028 363 2082 data,
374 2028 476 2089 argtritur
485 2027 591 2090 pleraque
600 2045 605 2073 ι
627 2025 656 2075 C·
666 2025 789 2082 Caesarem,

124 2092 294 2152 quartinonum
304 2092 421 2148 virilitatis,
439 2100 470 2147 et,
485 2104 536 2138 curn
547 2089 584 2138 die
595 2091 663 2138 natali
674 2091 789 2154 Augusta

121 2157 459 2218 inrerncndotereprlnretnr
473 2159 503 2187 i*
516 2153 670 2203 novendialem
679 2169 728 2204 eam
740 2171 788 2204 aoe·

124 2234 182 2268 nam
197 2221 293 2268 dixisse:
312 2230 453 2283 queremqua
470 2223 498 2268 de
511 2219 611 2285 potentii
622 2221 657 2266 M.
666 2219 746 2283 Lepidi
762 2233 789 2268 ac

120 2283 158 2332 1.
169 2285 279 2341 Arruntii,
289 2299 341 2333 eum
352 2285 433 2347 quum
443 2283 473 2334 ob
483 2301 530 2333 rem
541 2287 690 2349 pecuniariam
702 2287 789 2348 discep-

123 2351 200 2407 tabat,
213 2351 333 2408 addidisse,
350 2357 365 2380 ‘⁴
374 2349 430 2399 Illos
440 2353 529 2412 quidem
541 2359 637 2410 senalus,
657 2365 694 2398 me
713 2359 789 2398 autem

123 2413 357 2463 toabitnr'libcriolua
362 2415 457 2464 Μεθ’
467 2431 539 2477 neque
550 2417 791 2479 cunctaaprimoribua

124 2480 226 2526 civitatis
234 2483 402 2529 revincebatur:
421 2483 493 2542 iisque
503 2483 643 2537 instantibus,
655 2483 683 2528 ad
693 2478 790 2544 impera·

123 2550 201 2590 torem
212 2547 357 2606 provocavit:
377 2559 420 2593 neo
430 2547 502 2593 multo
516 2555 567 2610 post
578 2548 650 2606 literae
660 2546 790 2598 afferuntur,

122 2609 214 2668 quibus,
226 2609 249 2656 ln
257 2612 349 2658 modum
359 2611 502 2666 defensionis,
514 2609 608 2674 repetito
618 2613 678 2658 inter
688 2624 713 2658 se
724 2621 791 2668 atque

123 2671 222 2722 Cotum
242 2673 347 2724 amicitiae
364 2677 481 2740 principio,
501 2678 627 2739 crebrisque
643 2678 693 2739 ejuu
711 2673 812 2752 officiis*
