<?xml version="1.0" encoding="UTF-8"?>
<!DOCTYPE html PUBLIC "-//W3C//DTD XHTML 1.0 Transitional//EN"
    "http://www.w3.org/TR/xhtml1/DTD/xhtml1-transitional.dtd">
<html xmlns="http://www.w3.org/1999/xhtml" xml:lang="en" lang="en">
 <head>
  <title>
</title>
<meta http-equiv="Content-Type" content="text/html;charset=utf-8" />
  <meta name='ocr-system' content='tesseract 3.04.00' />
  <meta name='ocr-capabilities' content='ocr_page ocr_carea ocr_par ocr_line ocrx_word'/>
</head>
<body>
  <div class='ocr_page' id='page_1' title='image "./opera01obergoog_0020.png"; bbox 0 0 1842 2909; ppageno 0'>
   <div class='ocr_carea' id='block_1_1' title="bbox 159 88 825 141">
    <p class='ocr_par' dir='ltr' id='par_1_1' title="bbox 159 88 825 141">
     <span class='ocr_line' id='line_1_1' title="bbox 159 88 825 141; baseline 0.003 -4"><span class='ocrx_word' id='word_1_1' title='bbox 159 95 189 137; x_wconf 88' lang='lat'><strong>10</strong></span> <span class='ocrx_word' id='word_1_2' title='bbox 252 88 446 141; x_wconf 71' lang='lat' dir='ltr'><strong>uitulinum</strong></span> <span class='ocrx_word' id='word_1_3' title='bbox 463 88 618 141; x_wconf 69' lang='lat' dir='ltr'><strong>LmLCsr.</strong></span> <span class='ocrx_word' id='word_1_4' title='bbox 628 92 668 139; x_wconf 76' lang='lat'><strong>15.</strong></span> <span class='ocrx_word' id='word_1_5' title='bbox 703 90 825 139; x_wconf 67' lang='lat' dir='ltr'><strong>moror.</strong></span> 
     </span>
    </p>
   </div>
   <div class='ocr_carea' id='block_1_2' title="bbox 155 218 820 478">
    <p class='ocr_par' dir='ltr' id='par_1_2' title="bbox 155 218 820 478">
     <span class='ocr_line' id='line_1_2' title="bbox 155 218 819 283; baseline 0 -17"><span class='ocrx_word' id='word_1_6' title='bbox 155 227 237 282; x_wconf 67' lang='lat' dir='ltr'><strong>proter</strong></span> <span class='ocrx_word' id='word_1_7' title='bbox 249 218 366 283; x_wconf 75' lang='lat' dir='ltr'><strong>Lepidum,</strong></span> <span class='ocrx_word' id='word_1_8' title='bbox 378 222 444 268; x_wconf 85' lang='lat' dir='ltr'><strong>variis</strong></span> <span class='ocrx_word' id='word_1_9' title='bbox 455 235 510 269; x_wconf 82' lang='lat' dir='ltr'><strong>mox</strong></span> <span class='ocrx_word' id='word_1_10' title='bbox 520 222 655 275; x_wconf 80' lang='lat' dir='ltr'><strong>criminibus,</strong></span> <span class='ocrx_word' id='word_1_11' title='bbox 664 225 765 267; x_wconf 73' lang='lat' dir='ltr'><strong>strumis</strong></span> <span class='ocrx_word' id='word_1_12' title='bbox 775 218 819 266; x_wconf 83' lang='lat' dir='ltr'><strong>Tl-</strong></span> 
     </span>
     <span class='ocr_line' id='line_1_3' title="bbox 155 283 820 340; baseline 0 -10"><span class='ocrx_word' id='word_1_13' title='bbox 155 285 222 339; x_wconf 81' lang='lat' dir='ltr'><strong>berto,</strong></span> <span class='ocrx_word' id='word_1_14' title='bbox 232 286 378 333; x_wconf 80' lang='lat' dir='ltr'><strong>circumventi</strong></span> <span class='ocrx_word' id='word_1_15' title='bbox 390 295 448 334; x_wconf 85' lang='lat' dir='ltr'><strong>sunt.</strong></span> <span class='ocrx_word' id='word_1_16' title='bbox 481 286 558 334; x_wconf 72' lang='lat' dir='ltr'><strong>Itum</strong></span> <span class='ocrx_word' id='word_1_17' title='bbox 570 283 719 340; x_wconf 52' lang='lat' dir='ltr'><strong>&amp;Haterius</strong></span> <span class='ocrx_word' id='word_1_18' title='bbox 728 292 752 331; x_wconf 91' lang='lat' dir='ltr'><strong>et</strong></span> <span class='ocrx_word' id='word_1_19' title='bbox 763 285 820 331; x_wconf 78' lang='lat' dir='ltr'><strong>Ma·</strong></span> 
     </span>
     <span class='ocr_line' id='line_1_4' title="bbox 156 348 817 414; baseline 0.002 -20"><span class='ocrx_word' id='word_1_20' title='bbox 156 364 244 397; x_wconf 74' lang='lat' dir='ltr'><strong>merrus</strong></span> <span class='ocrx_word' id='word_1_21' title='bbox 263 352 360 398; x_wconf 75' lang='lat' dir='ltr'><strong>Scaurus</strong></span> <span class='ocrx_word' id='word_1_22' title='bbox 379 354 516 414; x_wconf 67' lang='lat' dir='ltr'><strong>suspicacem</strong></span> <span class='ocrx_word' id='word_1_23' title='bbox 535 353 634 397; x_wconf 83' lang='lat' dir='ltr'><strong>animum</strong></span> <span class='ocrx_word' id='word_1_24' title='bbox 651 348 817 413; x_wconf 59' lang='lat' dir='ltr'><strong>perstrinxere:</strong></span> 
     </span>
     <span class='ocr_line' id='line_1_5' title="bbox 158 412 820 478; baseline 0.003 -19"><span class='ocrx_word' id='word_1_25' title='bbox 158 412 275 470; x_wconf 84' lang='lat' dir='ltr'><strong>Haterius,</strong></span> <span class='ocrx_word' id='word_1_26' title='bbox 287 430 338 462; x_wconf 86' lang='lat' dir='ltr'><strong>cum</strong></span> <span class='ocrx_word' id='word_1_27' title='bbox 348 417 447 472; x_wconf 77' lang='lat' dir='ltr'><strong>dixisset,</strong></span> <span class='ocrx_word' id='word_1_28' title='bbox 465 416 610 477; x_wconf 76' lang='lat' dir='ltr'><strong>“Quousque</strong></span> <span class='ocrx_word' id='word_1_29' title='bbox 620 414 718 478; x_wconf 68' lang='lat' dir='ltr'><strong>potiens,</strong></span> <span class='ocrx_word' id='word_1_30' title='bbox 731 413 820 469; x_wconf 80' lang='lat' dir='ltr'><strong>Caesar,</strong></span> 
     </span>
    </p>
   </div>
   <div class='ocr_carea' id='block_1_3' title="bbox 157 480 921 607">
    <p class='ocr_par' dir='ltr' id='par_1_3' title="bbox 157 480 921 607">
     <span class='ocr_line' id='line_1_6' title="bbox 157 480 921 543; baseline 0.001 -18"><span class='ocrx_word' id='word_1_31' title='bbox 157 480 289 529; x_wconf 81' lang='lat' dir='ltr'><strong>nouadessa</strong></span> <span class='ocrx_word' id='word_1_32' title='bbox 297 489 363 543; x_wconf 85' lang='lat' dir='ltr'><strong>caput</strong></span> <span class='ocrx_word' id='word_1_33' title='bbox 372 480 533 543; x_wconf 81' lang='lat' dir='ltr'><strong>reipublicae?”</strong></span> <span class='ocrx_word' id='word_1_34' title='bbox 551 482 655 536; x_wconf 84' lang='lat' dir='ltr'><strong>Scaurus,</strong></span> <span class='ocrx_word' id='word_1_35' title='bbox 664 482 716 542; x_wconf 88' lang='lat' dir='ltr'><strong>quia</strong></span> <span class='ocrx_word' id='word_1_36' title='bbox 724 481 821 533; x_wconf 81' lang='lat' dir='ltr'><strong>dixerat,</strong></span> <span class='ocrx_word' id='word_1_37' title='bbox 920 494 921 541; x_wconf 57' lang='grc' dir='ltr'>ι</span> 
     </span>
     <span class='ocr_line' id='line_1_7' title="bbox 157 544 921 607; baseline 0 -17"><span class='ocrx_word' id='word_1_38' title='bbox 157 558 219 605; x_wconf 80' lang='lat' dir='ltr'><strong>spem</strong></span> <span class='ocrx_word' id='word_1_39' title='bbox 230 560 281 592; x_wconf 87' lang='lat' dir='ltr'><strong>esse</strong></span> <span class='ocrx_word' id='word_1_40' title='bbox 291 558 361 599; x_wconf 81' lang='lat' dir='ltr'><strong>exeo,</strong></span> <span class='ocrx_word' id='word_1_41' title='bbox 373 560 419 593; x_wconf 90' lang='lat' dir='ltr'><strong>nou</strong></span> <span class='ocrx_word' id='word_1_42' title='bbox 427 547 500 593; x_wconf 87' lang='lat' dir='ltr'><strong>irritas</strong></span> <span class='ocrx_word' id='word_1_43' title='bbox 507 546 556 593; x_wconf 83' lang='lat' dir='ltr'><strong>fore</strong></span> <span class='ocrx_word' id='word_1_44' title='bbox 564 546 746 607; x_wconf 79' lang='lat' dir='ltr'><strong>semtdsprcoes,</strong></span> <span class='ocrx_word' id='word_1_45' title='bbox 757 544 822 605; x_wconf 82' lang='lat' dir='ltr'><strong>quod</strong></span> <span class='ocrx_word' id='word_1_46' title='bbox 920 560 921 579; x_wconf 60' lang='grc' dir='ltr'>ι</span> 
     </span>
    </p>
   </div>
   <div class='ocr_carea' id='block_1_4' title="bbox 106 610 821 931">
    <p class='ocr_par' dir='ltr' id='par_1_4' title="bbox 106 610 821 931">
     <span class='ocr_line' id='line_1_8' title="bbox 157 610 821 673; baseline 0.002 -20"><span class='ocrx_word' id='word_1_47' title='bbox 157 610 259 657; x_wconf 88' lang='lat' dir='ltr'><strong>relationi</strong></span> <span class='ocrx_word' id='word_1_48' title='bbox 271 611 387 658; x_wconf 84' lang='lat' dir='ltr'><strong>consulum</strong></span> <span class='ocrx_word' id='word_1_49' title='bbox 394 613 446 673; x_wconf 76' lang='lat' dir='ltr'><strong>Jure</strong></span> <span class='ocrx_word' id='word_1_50' title='bbox 457 612 581 657; x_wconf 82' lang='lat' dir='ltr'><strong>tribuniciae</strong></span> <span class='ocrx_word' id='word_1_51' title='bbox 591 612 709 673; x_wconf 83' lang='lat' dir='ltr'><strong>potestatis</strong></span> <span class='ocrx_word' id='word_1_52' title='bbox 719 625 765 656; x_wconf 93' lang='lat' dir='ltr'><strong>uon</strong></span> <span class='ocrx_word' id='word_1_53' title='bbox 781 610 821 655; x_wconf 85' lang='lat' dir='ltr'><strong>in·</strong></span> 
     </span>
     <span class='ocr_line' id='line_1_9' title="bbox 106 674 821 731; baseline -0.001 -11"><span class='ocrx_word' id='word_1_54' title='bbox 106 680 110 688; x_wconf 93' lang='grc'><strong>’</strong></span> <span class='ocrx_word' id='word_1_55' title='bbox 156 676 301 721; x_wconf 79' lang='lat' dir='ltr'><strong>tercessisset.</strong></span> <span class='ocrx_word' id='word_1_56' title='bbox 314 702 317 707; x_wconf 91' lang='lat'><em>·</em></span> <span class='ocrx_word' id='word_1_57' title='bbox 329 674 356 721; x_wconf 90' lang='lat' dir='ltr'><strong>ln</strong></span> <span class='ocrx_word' id='word_1_58' title='bbox 367 675 487 722; x_wconf 86' lang='lat' dir='ltr'><strong>Haterium</strong></span> <span class='ocrx_word' id='word_1_59' title='bbox 495 678 570 723; x_wconf 81' lang='lat' dir='ltr'><strong>statim</strong></span> <span class='ocrx_word' id='word_1_60' title='bbox 577 677 679 723; x_wconf 77' lang='lat' dir='ltr'><strong>invectus</strong></span> <span class='ocrx_word' id='word_1_61' title='bbox 687 682 734 731; x_wconf 78' lang='lat' dir='ltr'><strong>est3</strong></span> <span class='ocrx_word' id='word_1_62' title='bbox 747 674 821 721; x_wconf 81' lang='lat' dir='ltr'><strong>Scan-</strong></span> 
     </span>
     <span class='ocr_line' id='line_1_10' title="bbox 153 740 819 801; baseline 0.003 -18"><span class='ocrx_word' id='word_1_63' title='bbox 153 754 206 783; x_wconf 85' lang='lat' dir='ltr'><strong>rum</strong></span> <span class='ocrx_word' id='word_1_64' title='bbox 218 740 255 786; x_wconf 91' lang='lat' dir='ltr'><strong>cul</strong></span> <span class='ocrx_word' id='word_1_65' title='bbox 265 740 423 801; x_wconf 72' lang='lat' dir='ltr'><strong>implacabilius</strong></span> <span class='ocrx_word' id='word_1_66' title='bbox 432 741 573 795; x_wconf 73' lang='lat' dir='ltr'><strong>irascebatur,</strong></span> <span class='ocrx_word' id='word_1_67' title='bbox 585 741 674 786; x_wconf 83' lang='lat' dir='ltr'><strong>silentio</strong></span> <span class='ocrx_word' id='word_1_68' title='bbox 681 740 819 785; x_wconf 79' lang='lat' dir='ltr'><strong>transmisit:</strong></span> 
     </span>
     <span class='ocr_line' id='line_1_11' title="bbox 155 802 820 866; baseline 0 -17"><span class='ocrx_word' id='word_1_69' title='bbox 155 802 273 864; x_wconf 82' lang='lat' dir='ltr'><strong>fessusque</strong></span> <span class='ocrx_word' id='word_1_70' title='bbox 283 805 380 850; x_wconf 85' lang='lat' dir='ltr'><strong>elamore</strong></span> <span class='ocrx_word' id='word_1_71' title='bbox 394 806 503 858; x_wconf 88' lang='lat' dir='ltr'><strong>omnium,</strong></span> <span class='ocrx_word' id='word_1_72' title='bbox 519 804 700 866; x_wconf 79' lang='lat' dir='ltr'><strong>expostulatione</strong></span> <span class='ocrx_word' id='word_1_73' title='bbox 715 803 820 865; x_wconf 80' lang='lat' dir='ltr'><strong>singrrlo—</strong></span> 
     </span>
     <span class='ocr_line' id='line_1_12' title="bbox 157 868 820 931; baseline -0.002 -18"><span class='ocrx_word' id='word_1_74' title='bbox 157 881 213 922; x_wconf 91' lang='lat' dir='ltr'><strong>rum,</strong></span> <span class='ocrx_word' id='word_1_75' title='bbox 225 868 289 915; x_wconf 78' lang='lat' dir='ltr'><strong>llexit</strong></span> <span class='ocrx_word' id='word_1_76' title='bbox 299 870 411 930; x_wconf 83' lang='lat' dir='ltr'><strong>paulatim,</strong></span> <span class='ocrx_word' id='word_1_77' title='bbox 424 884 470 915; x_wconf 86' lang='lat' dir='ltr'><strong>non</strong></span> <span class='ocrx_word' id='word_1_78' title='bbox 481 877 507 915; x_wconf 92' lang='lat' dir='ltr'><strong>ut</strong></span> <span class='ocrx_word' id='word_1_79' title='bbox 516 869 624 916; x_wconf 82' lang='lat' dir='ltr'><strong>fateretur</strong></span> <span class='ocrx_word' id='word_1_80' title='bbox 630 869 711 931; x_wconf 83' lang='lat' dir='ltr'><strong>suscipi</strong></span> <span class='ocrx_word' id='word_1_81' title='bbox 720 883 733 914; x_wconf 85' lang='lat' dir='ltr'><strong>a</strong></span> <span class='ocrx_word' id='word_1_82' title='bbox 741 883 766 913; x_wconf 88' lang='lat' dir='ltr'><strong>se</strong></span> <span class='ocrx_word' id='word_1_83' title='bbox 773 868 820 912; x_wconf 83' lang='lat' dir='ltr'><strong>inr-</strong></span> 
     </span>
    </p>
   </div>
   <div class='ocr_carea' id='block_1_5' title="bbox 155 931 921 1058">
    <p class='ocr_par' dir='ltr' id='par_1_5' title="bbox 155 931 921 1058">
     <span class='ocr_line' id='line_1_13' title="bbox 155 931 921 995; baseline -0.003 -17"><span class='ocrx_word' id='word_1_84' title='bbox 155 933 248 995; x_wconf 83' lang='lat' dir='ltr'><strong>pcrium,</strong></span> <span class='ocrx_word' id='word_1_85' title='bbox 263 934 302 979; x_wconf 81' lang='lat' dir='ltr'><strong>sed</strong></span> <span class='ocrx_word' id='word_1_86' title='bbox 313 939 338 978; x_wconf 90' lang='lat' dir='ltr'><strong>ut</strong></span> <span class='ocrx_word' id='word_1_87' title='bbox 349 948 432 994; x_wconf 84' lang='lat' dir='ltr'><strong>negare</strong></span> <span class='ocrx_word' id='word_1_88' title='bbox 442 942 466 979; x_wconf 87' lang='lat' dir='ltr'><strong>et</strong></span> <span class='ocrx_word' id='word_1_89' title='bbox 477 934 552 995; x_wconf 83' lang='lat' dir='ltr'><strong>rogari</strong></span> <span class='ocrx_word' id='word_1_90' title='bbox 562 935 681 979; x_wconf 78' lang='lat' dir='ltr'><strong>desineret.</strong></span> <span class='ocrx_word' id='word_1_91' title='bbox 713 931 820 986; x_wconf 82' lang='lat' dir='ltr'><strong>Constat,</strong></span> <span class='ocrx_word' id='word_1_92' title='bbox 920 962 921 983; x_wconf 53' lang='grc' dir='ltr'>ι</span> 
     </span>
     <span class='ocr_line' id='line_1_14' title="bbox 157 994 921 1058; baseline -0.001 -16"><span class='ocrx_word' id='word_1_93' title='bbox 157 994 285 1052; x_wconf 87' lang='lat' dir='ltr'><strong>Haterium,</strong></span> <span class='ocrx_word' id='word_1_94' title='bbox 296 1011 348 1044; x_wconf 80' lang='lat' dir='ltr'><strong>oum</strong></span> <span class='ocrx_word' id='word_1_95' title='bbox 355 998 487 1058; x_wconf 80' lang='lat' dir='ltr'><strong>deprecandi</strong></span> <span class='ocrx_word' id='word_1_96' title='bbox 498 996 567 1045; x_wconf 70' lang='lat' dir='ltr'><strong>causi</strong></span> <span class='ocrx_word' id='word_1_97' title='bbox 578 997 690 1044; x_wconf 88' lang='lat' dir='ltr'><strong>Palatium</strong></span> <span class='ocrx_word' id='word_1_98' title='bbox 696 998 820 1049; x_wconf 84' lang='lat' dir='ltr'><strong>introisset,</strong></span> <span class='ocrx_word' id='word_1_99' title='bbox 895 1052 899 1057; x_wconf 89' lang='lat'><em>.</em></span> <span class='ocrx_word' id='word_1_100' title='bbox 920 1026 921 1041; x_wconf 64' lang='grc' dir='ltr'>ι</span> 
     </span>
    </p>
   </div>
   <div class='ocr_carea' id='block_1_6' title="bbox 155 1061 822 1382">
    <p class='ocr_par' dir='ltr' id='par_1_6' title="bbox 155 1061 822 1382">
     <span class='ocr_line' id='line_1_15' title="bbox 155 1061 822 1125; baseline -0.001 -17"><span class='ocrx_word' id='word_1_101' title='bbox 155 1062 332 1123; x_wconf 79' lang='lat' dir='ltr'><strong>ambulantisque</strong></span> <span class='ocrx_word' id='word_1_102' title='bbox 350 1061 434 1109; x_wconf 82' lang='lat' dir='ltr'><strong>Tiberii</strong></span> <span class='ocrx_word' id='word_1_103' title='bbox 449 1076 525 1123; x_wconf 80' lang='lat' dir='ltr'><strong>genua</strong></span> <span class='ocrx_word' id='word_1_104' title='bbox 540 1063 703 1115; x_wconf 79' lang='lat' dir='ltr'><strong>advolveretur,</strong></span> <span class='ocrx_word' id='word_1_105' title='bbox 719 1076 790 1125; x_wconf 82' lang='lat' dir='ltr'><strong>prope</strong></span> <span class='ocrx_word' id='word_1_106' title='bbox 805 1074 822 1107; x_wconf 89' lang='lat' dir='ltr'><strong>a</strong></span> 
     </span>
     <span class='ocr_line' id='line_1_16' title="bbox 155 1126 819 1187; baseline 0.002 -16"><span class='ocrx_word' id='word_1_107' title='bbox 155 1126 263 1173; x_wconf 87' lang='lat' dir='ltr'><strong>militibus</strong></span> <span class='ocrx_word' id='word_1_108' title='bbox 273 1126 421 1180; x_wconf 82' lang='lat' dir='ltr'><strong>interfectum,</strong></span> <span class='ocrx_word' id='word_1_109' title='bbox 433 1128 485 1187; x_wconf 84' lang='lat' dir='ltr'><strong>quia</strong></span> <span class='ocrx_word' id='word_1_110' title='bbox 495 1126 605 1182; x_wconf 74' lang='lat' dir='ltr'><strong>Tiberius,</strong></span> <span class='ocrx_word' id='word_1_111' title='bbox 617 1141 670 1173; x_wconf 83' lang='lat' dir='ltr'><strong>casu</strong></span> <span class='ocrx_word' id='word_1_112' title='bbox 677 1142 706 1173; x_wconf 89' lang='lat' dir='ltr'><strong>an</strong></span> <span class='ocrx_word' id='word_1_113' title='bbox 714 1127 819 1172; x_wconf 83' lang='lat' dir='ltr'><strong>manibus</strong></span> 
     </span>
     <span class='ocr_line' id='line_1_17' title="bbox 155 1190 820 1253; baseline -0.002 -17"><span class='ocrx_word' id='word_1_114' title='bbox 155 1192 204 1253; x_wconf 83' lang='lat' dir='ltr'><strong>ejus</strong></span> <span class='ocrx_word' id='word_1_115' title='bbox 219 1190 346 1252; x_wconf 82' lang='lat' dir='ltr'><strong>impeditus,</strong></span> <span class='ocrx_word' id='word_1_116' title='bbox 362 1190 495 1251; x_wconf 75' lang='lat' dir='ltr'><strong>prociderat.</strong></span> <span class='ocrx_word' id='word_1_117' title='bbox 526 1190 609 1253; x_wconf 79' lang='lat' dir='ltr'><strong>Neque</strong></span> <span class='ocrx_word' id='word_1_118' title='bbox 626 1198 702 1237; x_wconf 84' lang='lat' dir='ltr'><strong>tumen</strong></span> <span class='ocrx_word' id='word_1_119' title='bbox 719 1190 820 1252; x_wconf 72' lang='lat' dir='ltr'><strong>pescolo</strong></span> 
     </span>
     <span class='ocr_line' id='line_1_18' title="bbox 155 1254 819 1317; baseline 0.002 -17"><span class='ocrx_word' id='word_1_120' title='bbox 155 1256 206 1300; x_wconf 89' lang='lat' dir='ltr'><strong>talis</strong></span> <span class='ocrx_word' id='word_1_121' title='bbox 223 1256 266 1300; x_wconf 82' lang='lat' dir='ltr'><strong>viri</strong></span> <span class='ocrx_word' id='word_1_122' title='bbox 283 1255 399 1316; x_wconf 85' lang='lat' dir='ltr'><strong>mitigatus</strong></span> <span class='ocrx_word' id='word_1_123' title='bbox 413 1254 453 1311; x_wconf 68' lang='lat' dir='ltr'><strong>est}</strong></span> <span class='ocrx_word' id='word_1_124' title='bbox 472 1257 543 1302; x_wconf 86' lang='lat' dir='ltr'><strong>donec</strong></span> <span class='ocrx_word' id='word_1_125' title='bbox 561 1254 671 1302; x_wconf 77' lang='lat' dir='ltr'><strong>Haterius</strong></span> <span class='ocrx_word' id='word_1_126' title='bbox 687 1255 819 1317; x_wconf 80' lang='lat' dir='ltr'><strong>Augustam</strong></span> 
     </span>
     <span class='ocr_line' id='line_1_19' title="bbox 155 1319 775 1382; baseline 0.003 -19"><span class='ocrx_word' id='word_1_127' title='bbox 155 1326 235 1372; x_wconf 88' lang='lat' dir='ltr'><strong>oraret,</strong></span> <span class='ocrx_word' id='word_1_128' title='bbox 244 1319 337 1378; x_wconf 80' lang='lat' dir='ltr'><strong>ejusque</strong></span> <span class='ocrx_word' id='word_1_129' title='bbox 347 1320 493 1367; x_wconf 83' lang='lat' dir='ltr'><strong>curatissimis</strong></span> <span class='ocrx_word' id='word_1_130' title='bbox 502 1322 603 1382; x_wconf 81' lang='lat' dir='ltr'><strong>precibus</strong></span> <span class='ocrx_word' id='word_1_131' title='bbox 613 1324 775 1382; x_wconf 80' lang='lat' dir='ltr'><strong>protegeretur.</strong></span> 
     </span>
    </p>
   </div>
   <div class='ocr_carea' id='block_1_7' title="bbox 188 1357 920 1446">
    <p class='ocr_par' dir='ltr' id='par_1_7' title="bbox 188 1357 920 1446">
     <span class='ocr_line' id='line_1_20' title="bbox 188 1357 920 1446; baseline 0.004 -18"><span class='ocrx_word' id='word_1_132' title='bbox 188 1381 259 1429; x_wconf 85' lang='lat' dir='ltr'><strong>xlv.</strong></span> <span class='ocrx_word' id='word_1_133' title='bbox 275 1382 352 1429; x_wconf 82' lang='lat' dir='ltr'><strong>Multa</strong></span> <span class='ocrx_word' id='word_1_134' title='bbox 372 1392 459 1445; x_wconf 81' lang='lat' dir='ltr'><strong>patrum</strong></span> <span class='ocrx_word' id='word_1_135' title='bbox 478 1386 543 1431; x_wconf 86' lang='lat' dir='ltr'><strong>etin</strong></span> <span class='ocrx_word' id='word_1_136' title='bbox 563 1386 691 1446; x_wconf 83' lang='lat' dir='ltr'><strong>Augustam</strong></span> <span class='ocrx_word' id='word_1_137' title='bbox 713 1385 819 1431; x_wconf 80' lang='lat' dir='ltr'><strong>adulatio.</strong></span> <span class='ocrx_word' id='word_1_138' title='bbox 919 1357 920 1360; x_wconf 7' lang='grc' dir='ltr'><strong>Ἰ</strong></span> 
     </span>
    </p>
   </div>
   <div class='ocr_carea' id='block_1_8' title="bbox 133 1448 817 2543">
    <p class='ocr_par' dir='ltr' id='par_1_8' title="bbox 133 1448 817 2543">
     <span class='ocr_line' id='line_1_21' title="bbox 154 1448 817 1511; baseline 0.003 -18"><span class='ocrx_word' id='word_1_139' title='bbox 154 1448 202 1493; x_wconf 84' lang='lat' dir='ltr'><strong>Alii</strong></span> <span class='ocrx_word' id='word_1_140' title='bbox 220 1450 352 1501; x_wconf 70' lang='lat' dir='ltr'><strong>Potentem,</strong></span> <span class='ocrx_word' id='word_1_141' title='bbox 371 1450 408 1495; x_wconf 90' lang='lat' dir='ltr'><strong>alii</strong></span> <span class='ocrx_word' id='word_1_142' title='bbox 426 1452 528 1497; x_wconf 78' lang='lat' dir='ltr'><strong>Matrem</strong></span> <span class='ocrx_word' id='word_1_143' title='bbox 542 1452 631 1509; x_wconf 79' lang='lat' dir='ltr'><strong>potrt&#39;oe</strong></span> <span class='ocrx_word' id='word_1_144' title='bbox 649 1449 817 1511; x_wconf 69' lang='lat' dir='ltr'><strong>appellandam,</strong></span> 
     </span>
     <span class='ocr_line' id='line_1_22' title="bbox 152 1512 816 1578; baseline 0.009 -21"><span class='ocrx_word' id='word_1_145' title='bbox 152 1513 260 1573; x_wconf 56' lang='lat' dir='ltr'><strong>plerique</strong></span> <span class='ocrx_word' id='word_1_146' title='bbox 278 1519 304 1559; x_wconf 82' lang='lat' dir='ltr'><strong>ut</strong></span> <span class='ocrx_word' id='word_1_147' title='bbox 314 1514 399 1560; x_wconf 83' lang='lat' dir='ltr'><strong>nomini</strong></span> <span class='ocrx_word' id='word_1_148' title='bbox 411 1512 510 1563; x_wconf 84' lang='lat' dir='ltr'><strong>Caesaris</strong></span> <span class='ocrx_word' id='word_1_149' title='bbox 519 1514 680 1561; x_wconf 71' lang='lat' dir='ltr'><strong>adscriberetur</strong></span> <span class='ocrx_word' id='word_1_150' title='bbox 695 1515 767 1562; x_wconf 63' lang='lat' dir='ltr'><strong>«lolia</strong></span> <span class='ocrx_word' id='word_1_151' title='bbox 778 1515 816 1578; x_wconf 78' lang='lat' dir='ltr'><strong>fi·</strong></span> 
     </span>
     <span class='ocr_line' id='line_1_23' title="bbox 153 1577 816 1633; baseline 0.002 -10"><span class='ocrx_word' id='word_1_152' title='bbox 153 1578 207 1632; x_wconf 78' lang='lat' dir='ltr'><strong>ltus,</strong></span> <span class='ocrx_word' id='word_1_153' title='bbox 219 1578 347 1625; x_wconf 74' lang='lat' dir='ltr'><strong>censebant</strong></span> <span class='ocrx_word' id='word_1_154' title='bbox 379 1577 429 1633; x_wconf 88' lang='lat' dir='ltr'><strong>Ille,</strong></span> <span class='ocrx_word' id='word_1_155' title='bbox 441 1580 589 1626; x_wconf 84' lang='lat' dir='ltr'><strong>moderandos</strong></span> <span class='ocrx_word' id='word_1_156' title='bbox 598 1578 731 1625; x_wconf 76' lang='lat' dir='ltr'><strong>tensiusrum</strong></span> <span class='ocrx_word' id='word_1_157' title='bbox 743 1579 816 1625; x_wconf 86' lang='lat' dir='ltr'><strong>hono·</strong></span> 
     </span>
     <span class='ocr_line' id='line_1_24' title="bbox 133 1640 817 1707; baseline 0.001 -20"><span class='ocrx_word' id='word_1_158' title='bbox 133 1702 136 1707; x_wconf 25' lang='grc' dir='ltr'><strong><em>Ι</em></strong></span> <span class='ocrx_word' id='word_1_159' title='bbox 154 1654 196 1697; x_wconf 81' lang='lat' dir='ltr'><strong>res,</strong></span> <span class='ocrx_word' id='word_1_160' title='bbox 214 1642 324 1697; x_wconf 83' lang='lat' dir='ltr'><strong>dictitans,</strong></span> <span class='ocrx_word' id='word_1_161' title='bbox 342 1640 465 1705; x_wconf 82' lang='lat' dir='ltr'><strong>eidemque</strong></span> <span class='ocrx_word' id='word_1_162' title='bbox 481 1660 506 1690; x_wconf 90' lang='lat' dir='ltr'><strong>se</strong></span> <span class='ocrx_word' id='word_1_163' title='bbox 521 1641 668 1704; x_wconf 73' lang='lat' dir='ltr'><strong>temperandi</strong></span> <span class='ocrx_word' id='word_1_164' title='bbox 683 1656 776 1689; x_wconf 77' lang='lat' dir='ltr'><strong>unitum</strong></span> <span class='ocrx_word' id='word_1_165' title='bbox 792 1644 817 1689; x_wconf 86' lang='lat' dir='ltr'><strong>in</strong></span> 
     </span>
     <span class='ocr_line' id='line_1_25' title="bbox 152 1705 816 1767; baseline 0.003 -16"><span class='ocrx_word' id='word_1_166' title='bbox 152 1706 188 1760; x_wconf 89' lang='lat' dir='ltr'><strong>iis,</strong></span> <span class='ocrx_word' id='word_1_167' title='bbox 205 1720 256 1767; x_wconf 81' lang='lat' dir='ltr'><strong>quae</strong></span> <span class='ocrx_word' id='word_1_168' title='bbox 273 1708 313 1753; x_wconf 84' lang='lat' dir='ltr'><strong>sibi</strong></span> <span class='ocrx_word' id='word_1_169' title='bbox 328 1709 491 1755; x_wconf 81' lang='lat' dir='ltr'><strong>tribuerentur:</strong></span> <span class='ocrx_word' id='word_1_170' title='bbox 510 1715 617 1754; x_wconf 82' lang='lat' dir='ltr'><strong>craterum</strong></span> <span class='ocrx_word' id='word_1_171' title='bbox 630 1709 710 1754; x_wconf 83' lang='lat' dir='ltr'><strong>auxios</strong></span> <span class='ocrx_word' id='word_1_172' title='bbox 725 1705 816 1762; x_wconf 76' lang='lat' dir='ltr'><strong>invidit,</strong></span> 
     </span>
     <span class='ocr_line' id='line_1_26' title="bbox 154 1772 815 1834; baseline 0.003 -19"><span class='ocrx_word' id='word_1_173' title='bbox 154 1777 177 1816; x_wconf 85' lang='lat' dir='ltr'><strong>et</strong></span> <span class='ocrx_word' id='word_1_174' title='bbox 188 1772 295 1817; x_wconf 85' lang='lat' dir='ltr'><strong>muliebre</strong></span> <span class='ocrx_word' id='word_1_175' title='bbox 306 1772 420 1834; x_wconf 80' lang='lat' dir='ltr'><strong>fastigium</strong></span> <span class='ocrx_word' id='word_1_176' title='bbox 431 1774 455 1819; x_wconf 88' lang='lat' dir='ltr'><strong>in</strong></span> <span class='ocrx_word' id='word_1_177' title='bbox 466 1773 640 1820; x_wconf 77' lang='lat' dir='ltr'><strong>deminutionem</strong></span> <span class='ocrx_word' id='word_1_178' title='bbox 652 1772 687 1817; x_wconf 89' lang='lat' dir='ltr'><strong>sui</strong></span> <span class='ocrx_word' id='word_1_179' title='bbox 697 1772 815 1833; x_wconf 81' lang='lat' dir='ltr'><strong>accipiens,</strong></span> 
     </span>
     <span class='ocr_line' id='line_1_27' title="bbox 154 1834 816 1898; baseline 0.002 -17"><span class='ocrx_word' id='word_1_180' title='bbox 154 1848 183 1881; x_wconf 84' lang='lat' dir='ltr'><strong>ns</strong></span> <span class='ocrx_word' id='word_1_181' title='bbox 193 1834 294 1883; x_wconf 81' lang='lat' dir='ltr'><strong>lictorem</strong></span> <span class='ocrx_word' id='word_1_182' title='bbox 308 1838 397 1898; x_wconf 85' lang='lat' dir='ltr'><strong>quidem</strong></span> <span class='ocrx_word' id='word_1_183' title='bbox 414 1839 434 1884; x_wconf 92' lang='lat' dir='ltr'><strong>ei</strong></span> <span class='ocrx_word' id='word_1_184' title='bbox 451 1838 541 1883; x_wconf 85' lang='lat' dir='ltr'><strong>decerni</strong></span> <span class='ocrx_word' id='word_1_185' title='bbox 556 1852 636 1898; x_wconf 86' lang='lat' dir='ltr'><strong>passus</strong></span> <span class='ocrx_word' id='word_1_186' title='bbox 646 1843 692 1892; x_wconf 88' lang='lat' dir='ltr'><strong>est;</strong></span> <span class='ocrx_word' id='word_1_187' title='bbox 709 1834 816 1897; x_wconf 75' lang='lat' dir='ltr'><strong>aramque</strong></span> 
     </span>
     <span class='ocr_line' id='line_1_28' title="bbox 153 1900 815 1965; baseline 0.002 -19"><span class='ocrx_word' id='word_1_188' title='bbox 153 1900 284 1961; x_wconf 81' lang='lat' dir='ltr'><strong>adoptionis,</strong></span> <span class='ocrx_word' id='word_1_189' title='bbox 296 1904 320 1947; x_wconf 87' lang='lat' dir='ltr'><strong>et</strong></span> <span class='ocrx_word' id='word_1_190' title='bbox 331 1902 373 1947; x_wconf 90' lang='lat' dir='ltr'><strong>alia</strong></span> <span class='ocrx_word' id='word_1_191' title='bbox 384 1902 543 1965; x_wconf 67' lang='lat' dir='ltr'><strong>hujuscemodi,</strong></span> <span class='ocrx_word' id='word_1_192' title='bbox 554 1901 673 1963; x_wconf 79' lang='lat' dir='ltr'><strong>probibuit</strong></span> <span class='ocrx_word' id='word_1_193' title='bbox 705 1901 739 1947; x_wconf 84' lang='lat' dir='ltr'><strong>At</strong></span> <span class='ocrx_word' id='word_1_194' title='bbox 755 1902 815 1948; x_wconf 87' lang='lat' dir='ltr'><strong>Ger·</strong></span> 
     </span>
     <span class='ocr_line' id='line_1_29' title="bbox 152 1965 816 2030; baseline 0 -19"><span class='ocrx_word' id='word_1_195' title='bbox 152 1966 241 2030; x_wconf 82' lang='lat' dir='ltr'><strong>manico</strong></span> <span class='ocrx_word' id='word_1_196' title='bbox 254 1965 339 2014; x_wconf 81' lang='lat' dir='ltr'><strong>Caesari</strong></span> <span class='ocrx_word' id='word_1_197' title='bbox 349 1967 508 2027; x_wconf 82' lang='lat' dir='ltr'><strong>proconsulare</strong></span> <span class='ocrx_word' id='word_1_198' title='bbox 518 1966 635 2027; x_wconf 87' lang='lat' dir='ltr'><strong>imperium</strong></span> <span class='ocrx_word' id='word_1_199' title='bbox 646 1966 740 2027; x_wconf 84' lang='lat' dir='ltr'><strong>petivit:</strong></span> <span class='ocrx_word' id='word_1_200' title='bbox 760 1967 816 2011; x_wconf 88' lang='lat' dir='ltr'><strong>mis·</strong></span> 
     </span>
     <span class='ocr_line' id='line_1_30' title="bbox 154 2030 817 2092; baseline 0 -15"><span class='ocrx_word' id='word_1_201' title='bbox 154 2031 218 2090; x_wconf 85' lang='lat' dir='ltr'><strong>sique</strong></span> <span class='ocrx_word' id='word_1_202' title='bbox 228 2030 304 2092; x_wconf 84' lang='lat' dir='ltr'><strong>legati,</strong></span> <span class='ocrx_word' id='word_1_203' title='bbox 322 2032 359 2091; x_wconf 83' lang='lat' dir='ltr'><strong>qui</strong></span> <span class='ocrx_word' id='word_1_204' title='bbox 371 2032 490 2086; x_wconf 85' lang='lat' dir='ltr'><strong>deferrent,</strong></span> <span class='ocrx_word' id='word_1_205' title='bbox 508 2032 573 2077; x_wconf 87' lang='lat' dir='ltr'><strong>simul</strong></span> <span class='ocrx_word' id='word_1_206' title='bbox 587 2031 717 2076; x_wconf 83' lang='lat' dir='ltr'><strong>moestitiam</strong></span> <span class='ocrx_word' id='word_1_207' title='bbox 728 2031 777 2091; x_wconf 83' lang='lat' dir='ltr'><strong>ejus</strong></span> <span class='ocrx_word' id='word_1_208' title='bbox 788 2031 817 2077; x_wconf 91' lang='lat' dir='ltr'><strong>ob</strong></span> 
     </span>
     <span class='ocr_line' id='line_1_31' title="bbox 153 2094 815 2157; baseline 0.002 -18"><span class='ocrx_word' id='word_1_209' title='bbox 153 2104 270 2140; x_wconf 72' lang='lat' dir='ltr'><strong>excessum</strong></span> <span class='ocrx_word' id='word_1_210' title='bbox 283 2096 383 2156; x_wconf 84' lang='lat' dir='ltr'><strong>Augusti</strong></span> <span class='ocrx_word' id='word_1_211' title='bbox 395 2097 525 2143; x_wconf 84' lang='lat' dir='ltr'><strong>solarentur.</strong></span> <span class='ocrx_word' id='word_1_212' title='bbox 560 2094 696 2149; x_wconf 82' lang='lat' dir='ltr'><strong>erominus</strong></span> <span class='ocrx_word' id='word_1_213' title='bbox 705 2095 763 2140; x_wconf 81' lang='lat' dir='ltr'><strong>idem</strong></span> <span class='ocrx_word' id='word_1_214' title='bbox 774 2109 815 2157; x_wconf 87' lang='lat' dir='ltr'><strong>pro</strong></span> 
     </span>
     <span class='ocr_line' id='line_1_32' title="bbox 153 2154 816 2221; baseline 0 -16"><span class='ocrx_word' id='word_1_215' title='bbox 153 2157 232 2205; x_wconf 89' lang='lat' dir='ltr'><strong>Druso</strong></span> <span class='ocrx_word' id='word_1_216' title='bbox 242 2160 398 2220; x_wconf 83' lang='lat' dir='ltr'><strong>postularetur,</strong></span> <span class='ocrx_word' id='word_1_217' title='bbox 410 2175 516 2213; x_wconf 78' lang='lat' dir='ltr'><strong>escauss,</strong></span> <span class='ocrx_word' id='word_1_218' title='bbox 528 2154 588 2221; x_wconf 89' lang='lat' dir='ltr'><strong>quod</strong></span> <span class='ocrx_word' id='word_1_219' title='bbox 598 2160 729 2221; x_wconf 81' lang='lat' dir='ltr'><strong>designatus</strong></span> <span class='ocrx_word' id='word_1_220' title='bbox 737 2159 816 2205; x_wconf 85' lang='lat' dir='ltr'><strong>consul</strong></span> 
     </span>
     <span class='ocr_line' id='line_1_33' title="bbox 152 2220 814 2285; baseline 0.002 -17"><span class='ocrx_word' id='word_1_221' title='bbox 152 2220 244 2269; x_wconf 83' lang='lat' dir='ltr'><strong>Drusus</strong></span> <span class='ocrx_word' id='word_1_222' title='bbox 254 2238 398 2285; x_wconf 70' lang='lat' dir='ltr'><strong>praesensque</strong></span> <span class='ocrx_word' id='word_1_223' title='bbox 408 2232 464 2271; x_wconf 80' lang='lat' dir='ltr'><strong>erat.</strong></span> <span class='ocrx_word' id='word_1_224' title='bbox 495 2223 632 2272; x_wconf 80' lang='lat' dir='ltr'><strong>Candidatus</strong></span> <span class='ocrx_word' id='word_1_225' title='bbox 642 2229 748 2285; x_wconf 72' lang='lat' dir='ltr'><strong>praeturae</strong></span> <span class='ocrx_word' id='word_1_226' title='bbox 759 2225 814 2270; x_wconf 90' lang='lat' dir='ltr'><strong>duo·</strong></span> 
     </span>
     <span class='ocr_line' id='line_1_34' title="bbox 152 2287 812 2350; baseline 0.006 -18"><span class='ocrx_word' id='word_1_227' title='bbox 152 2287 224 2333; x_wconf 86' lang='lat' dir='ltr'><strong>decim</strong></span> <span class='ocrx_word' id='word_1_228' title='bbox 242 2290 370 2343; x_wconf 83' lang='lat' dir='ltr'><strong>nominarit,</strong></span> <span class='ocrx_word' id='word_1_229' title='bbox 388 2302 505 2335; x_wconf 88' lang='lat' dir='ltr'><strong>numerum</strong></span> <span class='ocrx_word' id='word_1_230' title='bbox 522 2290 550 2335; x_wconf 86' lang='lat' dir='ltr'><strong>ab</strong></span> <span class='ocrx_word' id='word_1_231' title='bbox 568 2290 675 2350; x_wconf 84' lang='lat' dir='ltr'><strong>Augusto</strong></span> <span class='ocrx_word' id='word_1_232' title='bbox 691 2289 812 2336; x_wconf 76' lang='lat' dir='ltr'><strong>traditum:</strong></span> 
     </span>
     <span class='ocr_line' id='line_1_35' title="bbox 153 2352 815 2417; baseline 0.003 -20"><span class='ocrx_word' id='word_1_233' title='bbox 153 2360 181 2405; x_wconf 84' lang='lat' dir='ltr'><strong>et,</strong></span> <span class='ocrx_word' id='word_1_234' title='bbox 195 2354 299 2400; x_wconf 78' lang='lat' dir='ltr'><strong>hortante</strong></span> <span class='ocrx_word' id='word_1_235' title='bbox 305 2361 390 2408; x_wconf 85' lang='lat' dir='ltr'><strong>senatu,</strong></span> <span class='ocrx_word' id='word_1_236' title='bbox 402 2360 428 2400; x_wconf 86' lang='lat' dir='ltr'><strong>ut</strong></span> <span class='ocrx_word' id='word_1_237' title='bbox 437 2360 537 2415; x_wconf 85' lang='lat' dir='ltr'><strong>sugeret,</strong></span> <span class='ocrx_word' id='word_1_238' title='bbox 543 2352 689 2417; x_wconf 78' lang='lat' dir='ltr'><strong>jurejurando</strong></span> <span class='ocrx_word' id='word_1_239' title='bbox 695 2353 815 2400; x_wconf 82' lang='lat' dir='ltr'><strong>obstrinxit</strong></span> 
     </span>
     <span class='ocr_line' id='line_1_36' title="bbox 152 2430 405 2472; baseline 0.004 -10"><span class='ocrx_word' id='word_1_240' title='bbox 152 2430 184 2472; x_wconf 85' lang='lat' dir='ltr'><strong>se,</strong></span> <span class='ocrx_word' id='word_1_241' title='bbox 197 2432 242 2463; x_wconf 88' lang='lat' dir='ltr'><strong>non</strong></span> <span class='ocrx_word' id='word_1_242' title='bbox 254 2430 405 2464; x_wconf 82' lang='lat' dir='ltr'><strong>excessurum.</strong></span> 
     </span>
     <span class='ocr_line' id='line_1_37' title="bbox 186 2480 814 2543; baseline 0.002 -16"><span class='ocrx_word' id='word_1_243' title='bbox 186 2481 243 2527; x_wconf 83' lang='lat' dir='ltr'><strong>XV.</strong></span> <span class='ocrx_word' id='word_1_244' title='bbox 259 2480 319 2529; x_wconf 83' lang='lat' dir='ltr'><strong>Tum</strong></span> <span class='ocrx_word' id='word_1_245' title='bbox 337 2483 433 2543; x_wconf 86' lang='lat' dir='ltr'><strong>primurn</strong></span> <span class='ocrx_word' id='word_1_246' title='bbox 451 2498 465 2528; x_wconf 84' lang='lat' dir='ltr'><strong>c</strong></span> <span class='ocrx_word' id='word_1_247' title='bbox 483 2480 570 2543; x_wconf 85' lang='lat' dir='ltr'><strong>Campo</strong></span> <span class='ocrx_word' id='word_1_248' title='bbox 588 2481 679 2527; x_wconf 85' lang='lat' dir='ltr'><strong>comitis</strong></span> <span class='ocrx_word' id='word_1_249' title='bbox 696 2482 724 2527; x_wconf 90' lang='lat' dir='ltr'><strong>ad</strong></span> <span class='ocrx_word' id='word_1_250' title='bbox 742 2489 814 2543; x_wconf 86' lang='lat' dir='ltr'><strong>patres</strong></span> 
     </span>
    </p>
   </div>
   <div class='ocr_carea' id='block_1_9' title="bbox 58 2546 814 2607">
    <p class='ocr_par' dir='ltr' id='par_1_9' title="bbox 58 2546 814 2607">
     <span class='ocr_line' id='line_1_38' title="bbox 58 2546 814 2607; baseline 0.003 -18"><span class='ocrx_word' id='word_1_251' title='bbox 58 2553 62 2564; x_wconf 80' lang='grc'><strong>“</strong></span> <span class='ocrx_word' id='word_1_252' title='bbox 152 2547 260 2593; x_wconf 86' lang='lat' dir='ltr'><strong>translata</strong></span> <span class='ocrx_word' id='word_1_253' title='bbox 271 2552 336 2593; x_wconf 83' lang='lat' dir='ltr'><strong>runt:</strong></span> <span class='ocrx_word' id='word_1_254' title='bbox 356 2558 408 2593; x_wconf 78' lang='lat' dir='ltr'><strong>natu</strong></span> <span class='ocrx_word' id='word_1_255' title='bbox 420 2546 448 2593; x_wconf 90' lang='lat' dir='ltr'><strong>ad</strong></span> <span class='ocrx_word' id='word_1_256' title='bbox 458 2560 508 2592; x_wconf 82' lang='lat' dir='ltr'><strong>eam</strong></span> <span class='ocrx_word' id='word_1_257' title='bbox 520 2548 585 2600; x_wconf 87' lang='lat' dir='ltr'><strong>diem,</strong></span> <span class='ocrx_word' id='word_1_258' title='bbox 600 2547 642 2592; x_wconf 89' lang='lat' dir='ltr'><strong>etsi</strong></span> <span class='ocrx_word' id='word_1_259' title='bbox 652 2546 768 2607; x_wconf 85' lang='lat' dir='ltr'><strong>potissima</strong></span> <span class='ocrx_word' id='word_1_260' title='bbox 778 2561 814 2591; x_wconf 86' lang='lat' dir='ltr'><strong>ar·</strong></span> 
     </span>
    </p>
   </div>
   <div class='ocr_carea' id='block_1_10' title="bbox 151 2609 815 2673">
    <p class='ocr_par' dir='ltr' id='par_1_10' title="bbox 151 2609 815 2673">
     <span class='ocr_line' id='line_1_39' title="bbox 151 2609 815 2673; baseline 0 -18"><span class='ocrx_word' id='word_1_261' title='bbox 151 2610 218 2657; x_wconf 83' lang='lat' dir='ltr'><strong>bitrio</strong></span> <span class='ocrx_word' id='word_1_262' title='bbox 228 2610 340 2673; x_wconf 79' lang='lat' dir='ltr'><strong>prInoipis,</strong></span> <span class='ocrx_word' id='word_1_263' title='bbox 355 2610 458 2669; x_wconf 82' lang='lat' dir='ltr'><strong>quaedsrn</strong></span> <span class='ocrx_word' id='word_1_264' title='bbox 469 2617 545 2658; x_wconf 86' lang='lat' dir='ltr'><strong>tamea</strong></span> <span class='ocrx_word' id='word_1_265' title='bbox 563 2611 642 2657; x_wconf 83' lang='lat' dir='ltr'><strong>studiis</strong></span> <span class='ocrx_word' id='word_1_266' title='bbox 658 2611 756 2657; x_wconf 85' lang='lat' dir='ltr'><strong>tribuum</strong></span> <span class='ocrx_word' id='word_1_267' title='bbox 775 2609 815 2656; x_wconf 83' lang='lat' dir='ltr'><strong>fie-</strong></span> 
     </span>
    </p>
   </div>
   <div class='ocr_carea' id='block_1_11' title="bbox 0 0 926 2909">
    <p class='ocr_par' dir='ltr' id='par_1_11' title="bbox 0 0 926 2909">
     <span class='ocr_line' id='line_1_40' title="bbox 0 0 926 2909; baseline 0 1"><span class='ocrx_word' id='word_1_268' title='bbox 0 0 926 2909; x_wconf 95' lang='lat' dir='ltr'><strong> </strong></span> 
     </span>
    </p>
   </div>
  </div>
 </body>
</html>
