1842 2909
148 139 197 186 276
333 131 626 182 SUPPLEMENTUM
699 131 816 182 U.c.795.

149 265 230 312 oburlit
241 263 398 326 spectaculum,
414 263 506 311 raritate
515 271 540 311 et
549 265 680 315 celebritate
688 278 836 310 memorem,

150 332 211 378 dum.
245 329 311 383 Orm,
327 329 401 376 carnis
417 329 541 384 immensa,
558 329 664 376 dentibus
681 329 819 383 truculenta,

150 403 240 458 portum
251 395 324 440 subiit.
351 393 396 440 Per
407 393 534 454 complures
544 395 592 440 dies
603 395 686 440 satiata
695 392 821 454 narrfragiis

151 470 267 520 tergorum
278 457 378 505 eGsllit
387 459 541 512 advectorum,
552 459 611 504 vado
623 465 670 504 tam
681 458 822 520 profundum

152 523 259 576 incubuit,
271 530 296 568 ut
307 523 428 584 circumagi
440 523 580 583 nequiquam
591 531 677 584 posset.
706 522 775 568 Dum
780 538 821 581 „sa-

151 589 229 650 ginarn
240 589 386 649 persequitur,
403 587 509 634 fluctibus
517 589 542 633 in
553 588 607 634 litus
620 589 736 649 propulsa,
756 589 822 633 dorso

152 667 220 714 supra
231 667 298 712 squas
309 653 405 699 inversae
416 653 501 698 carinae
514 653 584 698 instar
600 653 705 698 eminuit.
740 652 821 697 Admi-

153 717 241 771 rationi,
251 717 304 763 dein
315 717 375 771 ludo,
393 718 465 777 patuit
474 717 554 763 bellua
587 717 703 764 Adstante
714 718 822 778 principe,

153 783 311 830 comitantibus
326 783 455 828 cohortibus
472 782 589 842 pretoriis,
606 789 729 842 spectante
739 782 824 843 populo

154 847 269 903 Romano,
289 861 341 894 cum
356 851 459 892 monstro
477 862 491 892 a
506 847 577 892 multo
594 847 667 892 milite
682 847 824 892 dimicabam.

154 911 284 960 Numerosa
300 911 427 958 lancearum
442 911 478 956 vis
492 917 601 972 congesta
614 926 628 956 e
639 911 741 971 navigiis
752 910 823 958 assul-

155 977 261 1032 tantibus,
272 990 367 1037 quorum
379 990 457 1031 unum,
470 974 550 1022 reflatu
560 975 641 1022 belluae
651 974 774 1036 oppletum
781 991 826 1021 un-
838 1013 842 1020 .

156 1039 191 1097 dt,
203 1041 276 1102 periit.

190 1105 255 1166 [Alis
264 1105 366 1152 ludorum
377 1119 468 1166 genera,
485 1104 569 1152 Romae
584 1105 666 1159 habita,
684 1121 732 1152 non
744 1104 825 1161 feriar»,

157 1169 197 1218 sed
211 1170 309 1216 humano
323 1168 406 1226 furore,
422 1170 573 1230 principisque
588 1170 699 1216 dedecore
713 1169 786 1227 freda,
800 1171 828 1217 iu

159 1234 229 1281 Urbis
243 1235 328 1281 luctum
342 1235 388 1281 cito
402 1232 502 1296 erupere.
533 1234 595 1280 Nam
606 1235 738 1289 certamina,
752 1240 827 1281 stante

158 1297 276 1360 republicis,
295 1299 321 1345 ad
337 1299 436 1344 duranda
452 1313 546 1360 corpora
561 1306 585 1345 et
600 1300 723 1361 erigendos
735 1301 828 1347 animos

157 1364 265 1417 instituta,
284 1364 377 1424 vigente
393 1357 552 1420 dominatione,
567 1362 689 1410 efferavdre
705 1365 828 1426 principes,

158 1427 197 1489 qui
208 1441 238 1473 ex
248 1425 352 1473 funerum
363 1428 506 1475 assuetudine
516 1430 544 1474 ad
555 1429 638 1474 atrocia
648 1429 713 1474 libita
728 1429 827 1476 insoles·

159 1493 246 1540 cebant.
278 1489 307 1538 In
322 1493 357 1540 bis
374 1492 510 1554 gladiatoriis
526 1494 662 1548 muneribus,
678 1493 775 1540 insitam
786 1509 827 1540 na·

159 1555 211 1604 turi
224 1564 248 1603 et
262 1555 333 1604 literis
347 1559 509 1604 humanitatem
521 1556 629 1606 Claudius
640 1559 705 1604 exuit
715 1565 784 1606 tanto
793 1558 828 1605 fa-

160 1623 232 1677 cilius,
243 1621 304 1682 quod
314 1637 339 1669 se
349 1623 444 1682 primum
453 1622 540 1669 servilis
547 1623 646 1669 audaciae
653 1623 771 1671 vindicem
779 1639 829 1671 esse

161 1687 303 1748 gloriabatur,
315 1694 338 1733 et
348 1702 376 1733 eo
387 1687 498 1748 sauguine
508 1688 621 1749 gaudebat
633 1686 738 1750 populus.
776 1689 829 1736 Ser·

160 1766 204 1798 vos
214 1765 239 1797 er
255 1767 269 1796 o
280 1751 423 1811 libertosque,
440 1751 503 1798 salsis
513 1753 536 1798 in
548 1753 652 1799 dominos
663 1753 831 1802 criminationi-

159 1817 209 1870 bus,
226 1767 318 1862 'liberio
333 1813 435 1876 Gaioque
451 1817 635 1878 imperitantibus,
650 1817 760 1873 famosos,
776 1817 832 1867 feris

161 1881 249 1941 obiecit
268 1879 313 1926 Rei
323 1881 419 1940 quidem,
430 1896 510 1928 verum
521 1882 570 1928 aliis
579 1897 699 1944 poeuarum
707 1884 832 1944 generabis
909 1936 910 1939 Ἴ

162 1946 279 2001 multandi,
290 1943 390 1992 cecidere
398 1953 444 1992 tam
453 1947 524 2001 multi,
535 1954 560 1995 ut
571 1946 672 2008 Augusti
683 1955 793 2002 mbram,
804 1963 832 1994 eo

162 2011 206 2058 loci
224 2010 385 2072 postumiano
402 2009 517 2057 transferri
526 2013 631 2073 jusserit,
650 2027 681 2058 ue
696 2012 734 2059 vel
754 2013 831 2060 caudes

164 2091 252 2138 semper
269 2075 379 2135 inspicere
394 2076 516 2130 videretur,
532 2075 570 2122 vel
587 2091 676 2137 semper
694 2077 772 2124 velata
794 2093 831 2124 es·

163 2148 211 2186 set:
236 2139 295 2184 haud
309 2140 455 2186 erubescente
470 2141 570 2201 principe
584 2155 612 2186 ea
626 2142 708 2202 jubere
723 2149 747 2187 et
763 2158 829 2204 spec·

163 2209 217 2308 terp,
226 2203 304 2260 quibus
316 2217 397 2249 aeream
410 2205 511 2266 Augusti
521 2205 644 2271 imaginem
656 2205 769 2252 interesse
777 2222 830 2253 eum

161 2279 200 2324 pu.
208 2272 262 2308 eret.

197 2323 255 2385 [Tot
266 2329 363 2376 caedibus
374 2332 491 2379 obduruit:
506 2347 567 2393 saepe
577 2347 645 2379 ausus
652 2333 772 2394 imperare,
780 2335 833 2396 glas

163 2387 272 2460 diatones..
283 2404 309 2433 ao
321 2395 418 2440 maxime
429 2396 530 2443 retiarios
542 2397 651 2458 jugulari,
671 2405 697 2444 ut
711 2399 833 2460 exspiran-

163 2448 298 2522 tiumflfscres
309 2455 401 2503 videret.
414 2487 416 2492 ·
431 2458 492 2505 Mox
502 2475 516 2506 a
526 2459 659 2508 facinorosis
669 2462 835 2523 vilioribusque

164 2513 321 2590 caprubusAsd
342 2518 436 2568 meliora
458 2523 741 2586 nobilioraque·impetum
764 2531 835 2589 cepit,

164 2575 290 2649 Messalina
305 2584 329 2651 et
346 2578 430 2630 libertis
446 2587 584 2634 crudelitatis
594 2589 784 2646 instinctoribus;
801 2609 836 2652 ac,

165 2651 184 2682 u
201 2637 254 2697 qud
271 2638 391 2700 hesitaret,
408 2654 472 2700 metu
486 2650 625 2701 imminentis
636 2644 731 2716 periculi
746 2655 779 2702 sd
794 2671 836 2706 au·
