1842 2909
100 140 122 180 J.
130 137 198 181 else.
277 132 385 184 LrsIX.
403 129 601 187 ANNALIUM.
714 126 761 188 iis

103 268 171 314 cundi
191 267 299 323 assiduus,
320 281 481 330 nonnunquam
501 283 515 315 ιι
531 268 667 330 prescriptis
685 269 764 332 legum

103 333 237 387 discedebat,
256 333 388 393 quandoque
399 347 428 379 ex
438 335 499 380 bono
509 341 533 380 et
543 349 614 394 ecquo,
634 334 717 396 sepius
728 335 764 380 in·

102 397 207 443 consulti
226 398 293 444 animi
311 399 409 451 levitate,
429 405 452 443 et
463 400 547 444 amenti
565 398 649 445 similis
683 397 765 446 Novas

101 468 180 508 temen
188 462 250 524 leges
261 461 365 517 condidit,
377 461 419 508 sud
430 463 532 516 utilitate,
542 463 648 538 principis
658 463 766 510 civilitate

102 527 212 588 probatas.
244 525 355 572 Rectores
373 527 433 572 enim
452 528 623 588 provinciarum,
640 528 748 575 diutius'
741 543 766 574 ιιι

107 589 168 637 Urbe
189 591 272 637 morari
294 592 378 644 solitos,
390 591 460 651 jussit
480 591 504 637 in
526 606 564 638 eas
582 600 635 639 ante
655 587 767 640 Calendss

102 654 196 716 Apriles
206 655 328 717 proficisci:
348 656 416 701 simul
428 657 502 702 vetuit
516 670 546 702 ne
562 657 603 702 sibi
618 673 660 732 prq
676 656 768 733 accepti

104 719 215 781 dignitate
230 721 314 782 gratias
332 725 439 781 agerent;
456 720 570 782 protessus
586 737 611 767 se
627 722 766 784 principem,

103 785 166 846 ipsos
176 799 226 830 esse
235 785 370 846 principattls
378 785 503 848 adjutores:
517 786 576 861 apud
584 786 709 847 regratiam
717 786 767 832 lau·

102 849 201 909 demque
216 857 327 904 ordume,
351 849 369 894 si
387 864 416 894 ex
434 850 561 910 provinciis,
582 850 657 897 officio
676 850 769 912 egregie

47 995 51 1002 ·
104 911 769 1041 tritt,tt‘ltbltrlttdtltblttttttt

104 1044 240 1105 graviorem,
252 1044 379 1090 moderatus
390 1052 438 1088 est·
431 1077 439 1100 ,
451 1051 475 1090 et
486 1044 650 1105 sexagenarios,
661 1045 699 1104 qui
710 1058 768 1090 uxo-

105 1123 155 1155 rem
166 1106 357 1170 quinquagenarii
363 1108 473 1154 minorem
481 1108 594 1162 ducerent,
605 1109 710 1155 coelibum
718 1118 769 1170 poe·

107 1174 145 1220 nis
156 1175 246 1220 exemit.
272 1172 366 1234 Pupillis
377 1173 495 1226 consuluit,
507 1188 629 1233 eorumque
640 1173 718 1220 tutelae
728 1187 768 1220 cu·

107 1251 165 1290 rem,
182 1239 236 1284 olim
251 1239 384 1300 praetorihus
400 1238 549 1292 commissam,
565 1239 694 1285 consulibus
704 1251 769 1285 man·

107 1303 180 1350 davit.
211 1303 249 1349 Ad
259 1303 310 1349 lites
321 1317 409 1364 quoque
423 1303 577 1363 expediendae.
596 1317 670 1350 rerum
686 1310 770 1358 ectum,

108 1367 206 1414 divisum
224 1375 289 1414 antee
299 1369 322 1413 in
334 1368 437 1413 bibemos
451 1367 586 1444 aestivusque
602 1382 697 1423 menses,
714 1380 770 1414 con·

103 1433 190 1508 junxit.
205 1431 307 1479 Demum
318 1447 347 1479 ne
357 1433 444 1494 publice
453 1433 549 1494 pecunie
558 1433 646 1495 periret,
657 1441 703 1480 tres
710 1441 771 1496 prae·

108 1497 181 1543 torios
197 1497 265 1552 viros,
282 1497 321 1557 qui
336 1497 414 1543 aerario
429 1496 503 1544 debita
517 1499 643 1559 exigerent,
658 1499 770 1544 instituit.

108 1562 191 1608 additis
205 1554 325 1616 lictoribus,
342 1570 367 1609 ut
383 1569 493 1609 cresceret
508 1562 612 1624 dignitas.
644 1561 683 1609 Ad
698 1562 774 1608 divina
860 1561 863 1565 ’

109 1641 201 1686 quoque
220 1642 348 1682 conversus,
368 1626 463 1682 Urbem,
477 1627 610 1688 religionum
629 1626 774 1672 multitudiue

107 1691 259 1747 fatiscentem,
278 1691 347 1738 sacris
363 1691 486 1738 Eleusiniis
501 1707 584 1754 augere
599 1691 677 1738 voluit.
710 1690 773 1736 Lau·

110 1755 219 1802 debiliore
238 1754 297 1812 curi,
316 1756 440 1811 Gallorum,
460 1772 518 1818 quos
533 1755 617 1804 furiose
633 1754 774 1802 Druidarum
815 1790 819 1798 .

106 1821 241 1882 superstitio
252 1822 355 1868 humenis
365 1821 463 1882 uictimis
473 1822 528 1868 deos
538 1823 627 1882 placare
642 1821 725 1875 docuit,
739 1818 774 1866 te·

111 1900 151 1932 ros
163 1885 226 1939 ritus,
243 1887 328 1932 civibus
339 1887 380 1932 sub
390 1887 499 1948 Augusto
504 1887 553 1947 Jam
563 1886 700 1939 interdictos,
720 1885 774 1931 ebo·

111 1951 176 2005 levit,
188 1957 312 2011 caetereque
322 1951 389 2013 hujus
399 1951 563 2013 superstitionis
573 1951 652 1998 vetuit.
683 1948 775 1996 Trium-

110 2015 182 2078 phato
194 2016 253 2062 esim
264 2023 372 2062 terrarum
385 2017 444 2070 orbe,
456 2013 777 2062 baecnobilissimeRomenos

112 2080 218 2126 manebat
235 2081 334 2134 victoria,
346 2087 380 2126 ιιι
397 2079 532 2142 religionum
550 2087 651 2126 monstro
664 2079 776 2132 tollerent,

111 2145 229 2205 victasque
240 2152 320 2208 gentes
332 2145 411 2191 rationi
423 2145 514 2201 servire,
525 2159 552 2191 ac
562 2143 639 2192 felices
649 2143 777 2190 vivereco-

100 2251 103 2256 .
131 2221 202 2256 erent.

111 2225 130 2272 g
147 2271 253 2337 [Interim
266 2274 387 2321 Suetonius
399 2273 508 2321 Paulinus
517 2274 605 2320 bellicre
613 2273 685 2320 leudis
695 2270 778 2318 leniam

113 2340 139 2385 in
159 2338 239 2385 Africi
257 2339 417 2400 auspicabatur.
457 2338 572 2385 AEdemon
590 2339 657 2392 enirn,
671 2337 778 2390 libertus,

112 2417 189 2450 arma
197 2410 337 2458 resumserat,
361 2412 386 2450 ut
410 2402 561 2450 Ptolemaeum
581 2415 665 2463 regem,
689 2400 780 2448 eCsio

115 2466 211 2516 Caesare
228 2469 379 2521 interemtum,
403 2469 555 2515 adcisceretur.
593 2466 632 2512 Ne
647 2479 688 2527 per
705 2477 781 2510 moras

114 2532 209 2578 audacia
230 2534 341 2594 glisceret,
366 2533 488 2580 Suetonius
507 2531 668 2578 Mauritaniam
687 2531 782 2590 propere

115 2597 246 2659 ingressus·
252 2605 294 2644 est.
326 2596 426 2653 Barbari,
449 2596 583 2645 exercitilrus
602 2593 714 2642 Romanis
732 2598 782 2638 tum
