1842 2909
168 161 218 206 264
359 149 651 238 SUPPLEMEN'l'UM
716 155 837 205 cacans.

200 284 245 350 [Iis
266 284 391 332 rumoribus
411 283 521 348 gliscebat
541 291 629 331 terror:
651 283 758 338 iactent,
782 299 835 330 cum

168 351 287 406 theatrum,
307 350 417 398 destrictis
436 351 525 412 gladiis,
544 345 705 396 circumsidere
725 349 839 396 Germani

170 417 266 472 milites3
283 429 373 476 araeque
389 413 488 476 praelixis
505 415 631 461 occisorum
648 414 768 476 capitibus,
785 414 838 475 quid
916 414 917 419 ’

171 481 273 527 omuibus
284 480 412 527 immineret
421 479 514 542 periculi
525 476 675 525 ostentavere
701 477 788 526 (iuncti
799 494 837 525 ve·
916 502 917 539 3

171 545 231 591 niam
250 545 390 604 salutemque
409 545 509 590 orabant.
539 541 673 597 Temeritas,
687 558 742 602 quae
761 544 786 588 in
797 557 837 589 ex-
916 544 917 547 ’

168 610 246 656 tremis
261 610 321 656 valet
338 609 466 671 plurimum,
483 609 666 668 tranquillitatem
678 609 835 654 securitatem·

168 689 213 734 que
223 674 338 735 inopinato
350 671 431 720 attulit
464 672 564 728 Quidam
574 673 636 718 enim
648 671 784 726 Arruntius,
801 687 835 718 re·

168 754 219 786 rum
229 739 342 786 venalium
353 737 468 801 praeconio
477 738 574 798 indeque
584 738 655 798 partis
665 738 748 798 opibus
764 736 835 782 famo-

169 817 217 860 sus,
237 801 285 850 atri
294 811 365 858 veste,
383 802 523 863 funereoque
533 803 624 864 planctu
635 802 752 847 theatrum
764 801 837 855 mubiit,

169 875 193 916 et
205 865 286 916 Caium
299 865 413 916 Caesarem
424 876 538 914 mortuum
555 881 605 913 esse
615 865 769 924 vociferavit3
786 880 838 912 mox

170 934 355 988 circumcursans,
373 931 480 979 militibus
499 931 586 994 gladios
597 931 722 978 conderent
733 932 837 978 renunti·

169 998 223 1044 avit.
256 997 302 1044 His
313 996 381 1053 furor,
394 997 482 1043 caeteris
492 1004 565 1042 terror
575 996 650 1042 statim
661 995 788 1056 relanguit.

203 1059 286 1125 [Haud
294 1062 358 1109 aliter
369 1062 446 1108 sedata
458 1060 528 1108 Urbis
538 1060 681 1122 perturbatio.
717 1059 837 1108 Praetoriis
916 1026 918 1037 ›

170 1127 299 1174 cohortibus
316 1121 473 1174 interfectores
494 1126 641 1186 undequaque
658 1125 836 1188 pervestigand-

170 1191 220 1246 bus,
239 1191 401 1254 trepidantiqne
417 1191 501 1254 populo
519 1191 617 1238 occurrit
632 1187 741 1236 Valerius
752 1189 839 1237 Asiati-

172 1271 220 1312 cus,
232 1257 362 1312 consularis,
373 1255 501 1318 magnique
510 1255 535 1300 in
543 1255 652 1302 concione
662 1254 752 1300 utinam
764 1256 806 1302 abs
816 1270 840 1302 se

171 1327 259 1383 patrata
269 1329 329 1368 esset
340 1321 414 1368 caedes
425 1320 562 1367 inclamavit.
592 1316 669 1366 Tanti
677 1317 768 1365 ferocia
778 1334 839 1366 rese·

171 1382 225 1431 dire
236 1385 303 1431 animi
312 1401 320 1442 3
340 1386 402 1432 etin
421 1383 510 1449 publica
526 1381 577 1432 cau
593 1382 696 1430 convicia
713 1383 838 1430 discessum

171 1456 212 1496 est
241 1447 429 1506 Crevitaudacia,
440 1457 492 1497 cuni
504 1446 618 1502 Clemens,
629 1457 697 1509 quem
710 1463 782 1510 supra
791 1464 839 1494 me-
916 1488 917 1499 ,

171 1513 264 1568 moravi,
288 1513 446 1562 Minucianum
465 1520 605 1573 oaeterosque
626 1519 751 1568 senatores,
772 1513 840 1560 eison
916 1506 917 1517 ¹

172 1580 283 1637 conscios,
303 1579 331 1627 ad
350 1595 375 1626 se
393 1579 501 1626 adductos
520 1578 622 1634 remisit;
644 1574 776 1638 Gaiumque
795 1592 840 1624 non

172 1644 335 1700 Romanorum,
354 1645 394 1691 sed
405 1645 452 1691 suis
462 1643 514 1690 telis
529 1642 658 1689 molossum
675 1642 772 1704 periisse
786 1657 839 1704 pro-

171 1708 245 1786 fessus
256 1715 297 1766 est,
315 1709 389 1757 occiso
404 1707 500 1772 principi
510 1706 675 1762 infestissimus,
694 1707 758 1767 quod
775 1713 840 1754 antea

172 1773 375 1901 bqrqqs.eon³u¹es
394 1838 486 1886 Sentius
505 1837 639 1885 Saturninus
658 1843 682 1882 et
697 1825 844 1898 Pomponius

175 1902 298 1958 Secundus,
316 1905 456 1966 gravioribus
467 1905 533 1950 rebus
543 1903 632 1957 intenti,
650 1901 759 1964 despecti
770 1899 839 1955 curii,
916 1928 917 1931 =

173 1969 226 2029 qnia
236 1967 298 2016 Julia
316 1969 443 2023 vocabatur,
461 1967 537 2016 torum
550 1965 734 2029 Capitoliumque
745 1979 845 2027 occupo,
916 1972 917 1977 ’

172 2040 268 2090 verant3
281 2034 396 2095 jussisque
414 2033 503 2080 urbanis
519 2033 647 2086 cohortibus
663 2031 757 2077 senates
775 2045 839 2077 secu·

173 2099 232 2144 nitati
250 2098 374 2160 invigilare,
395 2099 492 2145 edictum
513 2095 570 2144 Oaio
586 2095 776 2142 contumeliosum
787 2111 841 2156 pro·

175 2159 277 2222 pusulam,
290 2161 400 2222 promissi
409 2162 493 2224 populo
508 2161 653 2222 vectigalium
673 2160 840 2212 imminutione,

174 2225 281 2270 militibus
292 2226 405 2280 donativo,
426 2227 445 2272 si
455 2227 550 2286 quisque
568 2225 659 2272 domum
671 2239 696 2270 ae
707 2225 840 2285 reciperent,
916 2274 917 2279 ,

175 2293 198 2332 et
209 2297 223 2331 a
233 2288 330 2333 tumultu
342 2305 367 2335 ao
378 2290 539 2350 direptionibus
549 2290 692 2336 abstinerent.
726 2287 791 2334 Exin
803 2303 842 2334 co-

173 2349 218 2393 acti
232 2357 307 2408 patres
325 2354 353 2398 de
370 2351 443 2399 sormi
460 2355 578 2415 regiminis
595 2350 760 2399 consultavere.
796 2350 843 2398 Alii

174 2410 304 2484 abolendam
324 2413 443 2464 Caesarum
465 2419 604 2472 memoriam,
623 2417 732 2463 diruenda
750 2416 844 2478 templs,

175 2473 299 2542 libertatem
309 2480 487 2538 restituendam
505 2483 542 2528 alii
553 2482 693 2528 retinendam
704 2482 844 2528 dominatio-

173 2549 225 2606 nem
246 2536 360 2585 censuim.
392 2543 434 2597 Hi,
452 2546 526 2592 varias
541 2546 564 2590 in
581 2551 657 2608 partes
677 2546 788 2599 distracti,¹
804 2561 846 2606 pro

175 2595 215 2644 sui
238 2613 276 2660 spe
299 2610 337 2647 out
354 2601 445 2654 fortuni
463 2610 565 2657 diversos
588 2610 701 2676 principes
724 2609 848 2665 destinare.
