1842 2909
104 144 152 187 J-c
169 140 201 184 sd
253 135 443 188 ANNALIUM
457 135 511 185 Ina.
520 135 565 184 VI.
576 134 635 187 Car.
644 139 683 183 42.
715 139 759 182 211

105 271 163 318 natis
174 269 279 317 lictorum
292 270 395 316 manibus
409 269 434 315 in
444 281 557 315 carcerem
567 274 643 330 raptus
653 271 696 322 est,
712 255 762 311 fni-

102 336 243 396 oeqcham
256 335 365 384 mulmis
379 335 459 393 laqueo
471 339 566 380 vexatae.
599 329 638 377 Ne
650 329 762 392 Tigranes

104 401 202 482 qpidem
222 398 330 446 Armenii
346 398 458 460 quondam
475 396 567 460 potitus,
587 411 613 443 ac
629 403 683 442 tunc
702 399 766 451 reus,'

105 479 196 512 nomme
205 465 269 527 regio
279 464 386 526 supplicia
393 463 475 509 civium
483 459 570 523 effugit.
602 461 635 506 At
644 459 672 508 C.
680 458 762 516 Galba,

105 529 235 585 consularis,
251 535 275 575 et
288 528 333 574 duo
344 527 422 584 Blaesi
438 526 564 574 voluntario
574 525 636 572 exito
647 521 759 571 cecidere:

106 593 295 650 Gallunianum
304 590 401 640 Cetaria
406 593 477 638 literis
484 590 619 654 provinciam
628 589 701 636 sortiri
708 603 762 649 pro-
837 623 841 629 .

104 655 200 714 bsbitus;
217 657 299 704 Blaesis
309 658 439 713 sacerdotia,
457 654 546 719 integrd
558 653 761 716 eonmrdomode·

104 723 194 778 stiuatu
205 720 313 769 convulsd
323 721 450 769 distulerat:
470 731 533 778 tunc,
542 727 568 767 ut
577 734 656 776 vacua,
668 717 763 765 contulit

105 788 129 833 in
143 787 214 832 alios:
233 787 293 847 quod
306 787 396 848 signum
410 787 489 833 mortis
500 783 641 841 Intellexdm
659 791 682 830 et
696 797 762 828 me·

106 850 152 897 cuti
162 857 222 897 sunt.
254 849 287 897 Et
297 851 391 898 AEmilia
406 850 500 912 Lepida,
516 865 581 912 qnam
589 848 668 911 juveni
684 847 763 894 Druso

106 923 198 976 nuptam
214 915 287 972 retuli,
304 916 386 962 crebris
396 915 524 962 criminibus
539 915 642 960 maritum
653 914 762 966 insecuta,

104 994 238 1041 quamquam
248 980 388 1036 Intestabilis,
401 986 477 1026 tamen
487 980 595 1040 impunlta
605 977 693 1040 agebat,
709 976 763 1022 dum

106 1043 283 1106 superfuitpater
294 1043 409 1106 1aepidus3
425 1052 477 1105 post
485 1059 498 1090 u
506 1043 640 1090 delatoribus
647 1041 765 1102 corripitur

106 1109 135 1154 ob
149 1123 238 1154 sermm
253 1109 389 1155 adulterumr
408 1122 450 1156 nec
465 1108 602 1154 dubitabatur
617 1106 645 1154 de
661 1103 762 1168 flagitio}

107 1188 171 1233 ergo,
183 1170 265 1218 omissd
275 1173 409 1226 defensione,
420 1172 489 1218 tinem
500 1173 553 1219 vitae
564 1173 604 1219 sibi
615 1171 697 1233 posuit.

139 1235 209 1283 XLI.
226 1236 271 1283 I’er
278 1238 336 1284 idem
344 1244 433 1298 tempus
441 1235 551 1284 Clitarum
557 1237 627 1291 natio,
638 1233 765 1298 Cappadoci

54 1322 57 1332 ·
106 1300 220 1348 Archelao
231 1302 336 1362 subjecta,
353 1302 404 1362 quia
418 1307 519 1348 nostrum
535 1302 558 1347 in
572 1302 663 1348 modum
679 1299 766 1348 deferre

106 1366 492 1493 &didimi
502 1363 767 1478 tutulum&

105 1493 765 1622 sfflttsltpssbttuttuldtltlldttt3¹3:

105 1625 258 1688 gionunomm
273 1631 297 1671 et
311 1624 403 1672 delectis
415 1625 503 1672 auxiliis
516 1626 605 1680 missus,
619 1625 674 1671 duos
688 1625 765 1681 colles,

106 1689 254 1750 quosbarbari
265 1689 393 1736 insederant
404 1690 497 1753 (miuori
509 1687 590 1745 Cadra,
600 1689 662 1736 alteri
674 1687 768 1736 Davara

107 1768 192 1800 nornen
200 1752 245 1813 est)
255 1755 358 1816 operibus
364 1755 448 1801 circum
455 1753 531 1810 dedit3
549 1761 570 1800 et
579 1769 694 1816 erumpere
700 1767 768 1801 ausos

107 1817 177 1874 ferro,
194 1819 342 1873 caeteroasiti,
358 1818 386 1864 sd
397 1819 531 1866 deditionem
547 1819 628 1880 coligit.
661 1819 695 1866 At
705 1818 767 1865 'liri-

100 1883 180 1938 ἀίεις
198 1883 324 1930 volemum
343 1881 441 1940 Parthis,
458 1881 619 1945 Nicephorium
637 1890 660 1930 et
678 1883 768 1930 Anthe-

101 1946 217 2002 musiada,
233 1955 370 2009 catenaque
385 1948 458 2005 urbes,
475 1961 527 2008 quae
541 1947 703 1994 Macedonibus
718 1948 768 1994 sitae

107 2011 195 2059 Graeca
204 2013 311 2059 vocabula
320 2019 436 2075 usurpant,
449 2011 581 2071 Halumque
588 2019 611 2058 et
623 2007 767 2068 Artemitam,

106 2074 216 2122 Parthica
226 2077 313 2138 oppida,
324 2079 415 2140 recepit,
426 2077 561 2124 certantibus
572 2077 662 2138 gaudio,
674 2077 711 2136 qui
722 2077 768 2122 Ar·

106 2140 223 2198 tamnum,
241 2141 336 2200 Scythas
345 2142 405 2189 inter
414 2143 527 2196 eductum,
542 2142 571 2187 ob
582 2142 690 2188 saevitiam
703 2157 769 2188 exse·

107 2205 254 2331 w
268 2203 375 2252 'liridatis
384 2209 508 2270 ingenium,
526 2205 642 2254 Romanas
653 2221 692 2269 per
703 2214 769 2262 artes,

142 2331 226 2379 XLII.
242 2332 368 2398 Plurimum
378 2335 510 2384 adulationIs
519 2335 665 2384 Seleucenses
671 2332 771 2390 indudre,

104 2398 189 2462 civitas
199 2406 286 2461 potens,
303 2407 366 2462 septa
379 2401 456 2451 muris,
473 2416 545 2462 neque
558 2401 582 2448 in
592 2402 708 2448 barbarum
721 2415 771 2447 cor·

107 2469 185 2523 rupta,
208 2465 247 2511 sed
268 2465 390 2512 conditoris
409 2464 504 2514 Seleuci
519 2466 625 2530 retinens.
656 2464 771 2520 TreccntI,

109 2528 192 2588 opsbus
206 2529 463 2592 aut-sapientibdelccti‚
480 2539 505 2578 ut
516 2538 619 2578 senatum
639 2528 773 2592 auapopulo

107 2593 161 2660 pis:
181 2599 211 2648 et,
223 2595 311 2655 quoties
318 2595 441 2642 concordes
452 2602 531 2658 agunt,
543 2597 654 2658 spernitur
662 2593 773 2645 Parthus}

105 2657 149 2703 ubi
159 2656 291 2716 dissentire,
302 2659 355 2708 dtnu
366 2660 408 2708 sibi
415 2661 509 2723 quisque
516 2667 595 2710 contra
602 2659 696 2707 aemulus
704 2653 776 2704 subal-
