1842 2909
110 118 207 160 J.c.2o
257 113 696 167 urrunnuntrsnicmre.
745 120 777 165 th

116 250 178 300 mnt,
188 243 252 293 Nure
262 262 290 293 sc
299 262 355 295 mox
364 246 443 295 Tiberi
452 248 567 303 devectus,
579 248 642 294 suxit
651 246 715 309 vulgi
725 246 777 299 irss,

114 308 169 367 qrrin
179 324 258 358 nsvesn
276 313 365 359 tumulo
376 312 494 361 Cressmm
514 312 643 375 oppulerntt
659 311 739 373 dieque
755 320 779 357 et

113 372 291 437 ripflirequcnti,
308 392 393 438 magno
408 379 524 425 clientium
536 379 626 439 ngmine
642 378 695 439 ipse,
712 375 778 422 ferni·

113 453 196 485 unnim
206 443 314 489 comitutu
325 442 441 497 Plsncinn,
456 451 479 489 et
490 444 554 490 vultu
565 442 649 489 alacres
660 439 779 489 incessere·

112 500 172 550 Fuit
181 504 240 552 inter
249 507 387 554 irritamenta
398 507 489 554 invidie
500 509 581 555 domus
590 507 640 553 foro
652 507 778 557 imminens,

111 566 174 615 festu
184 579 271 626 ornstn,
288 573 463 634 conviviumque
478 580 502 619 et
520 572 598 634 epuloe,
616 578 640 617 et
650 569 779 619 celebritate

111 632 159 679 loci
170 633 225 682 nihil
236 636 356 683 occultum.

112 730 118 736 -
147 697 181 744 X.
199 697 295 747 Posteri
303 702 340 747 die
351 700 467 749 Fulcinius
477 700 533 749 Trio
542 701 648 748 Pisonem
657 700 779 762 npudcon·

111 762 177 809 sules
186 766 316 825 postulavit.
347 765 435 814 Contra
445 766 552 813 Vitellius
563 782 588 813 sc
600 764 720 819 Veranius,
731 778 777 810 cre·

111 828 207 888 terique,
220 830 380 877 Germanicum
390 832 500 887 contituti,
511 831 638 883 tendebant.
650 828 722 875 nullos
729 842 780 875 esse

112 899 191 953 psrtes
201 892 297 951 Trioni;
314 911 386 956 neque
400 911 425 941 se
438 904 587 949 mcusntores,
603 895 643 941 red
657 908 731 940 rernm
743 893 779 939 in·

112 956 178 1003 (lices
188 964 213 1004 et
223 966 300 1014 testes,
311 959 416 1007 msndstn
423 960 553 1007 Germanici
565 960 696 1019 perlaturos.
728 955 780 1011 Ille,

113 1020 210 1069 dimissi
218 1024 268 1085 ejus
278 1039 352 1071 csusae
362 1025 482 1078 deletione,
494 1032 519 1070 ut
529 1024 626 1086 priorem
634 1024 704 1069 vitam
712 1037 779 1069 sccu-

112 1093 181 1139 snret,
193 1088 296 1143 obtinuit,
306 1090 446 1150 petitumque
452 1089 620 1150 estaprincipe
627 1087 780 1148 cognitionem

112 1151 241 1213 exciperet:
261 1155 322 1214 qnod
331 1170 361 1201 ne
370 1169 423 1201 reus
432 1154 523 1214 quidem
531 1153 647 1207 abnuebat,
659 1151 732 1198 studia
739 1166 780 1212 pov

113 1216 163 1278 puli
173 1224 198 1262 et
207 1225 295 1278 potrum
306 1230 422 1275 metuerim
439 1226 524 1273 contre,
542 1216 656 1266 Tiberium
672 1230 780 1277 sperneri-

113 1280 283 1329 disnrmorihus
290 1283 581 1338 reliduntetconscientiae
587 1283 665 1329 matris
672 1282 781 1327 innexum

110 1360 179 1393 esser
198 1362 295 1408 vereque
305 1356 346 1395 unt
357 1349 382 1394 in
393 1349 491 1395 ‹leteritn
506 1348 596 1401 creditu,
608 1347 686 1409 judice
697 1347 724 1393 nb
736 1360 782 1393 uno

111 1410 204 1460 facilius
215 1412 325 1461 discerni:
345 1414 421 1460 odium
429 1420 453 1459 et
464 1414 569 1460 invidiam
579 1413 637 1473 opud
645 1411 729 1458 multos
740 1426 780 1457 vu·

109 1476 170 1522 lere.
203 1475 273 1524 Haud
294 1478 385 1525 inllebct
406 1477 521 1525 'liberium
544 1477 616 1524 moles
637 1476 780 1538 cognitionis,

113 1539 207 1601 quique
216 1542 263 1603 ipse
273 1541 333 1589 fumi
339 1543 505 1591 distraheretur.
537 1540 618 1604 Igitur,
629 1542 706 1603 paucis
713 1539 780 1587 inrui·

110 1606 205 1655 riarium
220 1606 330 1663 nrllribitis,
345 1608 418 1655 minss
432 1608 585 1655 occurentium
600 1614 624 1652 et
639 1606 691 1652 hinc
703 1618 782 1666 preces

110 1670 186 1724 audit,
201 1672 357 1734 integrumque
366 1688 456 1719 cnumm
467 1672 496 1719 nri
506 1679 607 1719 reustum
619 1670 720 1717 remittit.

109 1774 115 1785 .
150 1733 198 1781 xl.
227 1735 304 1797 Atque
326 1738 415 1785 interim
439 1736 539 1790 Drusus,
567 1736 655 1783 rediens
680 1732 781 1795 Illyrico,

109 1799 785 1928 llhqhttfflfflfflthlhth

116 1929 209 1990 prointc
225 1930 317 1985 honore,
331 1932 408 1977 urbem
424 1932 522 1977 intrarit.
555 1929 613 1977 Post
626 1944 678 1989 quse
692 1944 738 1983 reo,
754 1926 785 1975 L.

115 1994 263 2049 Arruntium,
275 1994 304 2042 Τ.
313 1995 435 2048 Vinicium,
450 1996 556 2043 Asinium
569 1994 668 2048 Gallum,
679 1992 785 2041 AEsemi·

109 2073 176 2107 num
196 2058 339 2115 Marcellum,
356 2061 410 2109 Sex.
421 2059 555 2121 Pompeium
568 2065 675 2119 patronos
708 2056 785 2111 etenti,

109 2123 194 2183 'iisqne
210 2124 297 2172 diverse
311 2124 475 2179 excussntrbus,
493 2124 530 2173 Μ.
539 2122 639 2185 lepidus
653 2130 677 2169 et
718 2116 786 2169 'Fron

116 2196 145 2234 et
156 2187 275 2235 Livineius
285 2189 389 2250 Regulus
405 2186 502 2243 adfuere,
519 2186 605 2235 arrecti
615 2188 677 2235 omni
687 2188 787 2241 civitate,

112 2260 206 2314 quanta
214 2253 271 2301 fides
281 2256 358 2301 amicis
369 2254 507 2309 Germanici,
524 2268 576 2315 qure
585 2252 666 2299 iiduciu
676 2268 728 2300 rent
749 2266 786 2297 sn·

119 2315 173 2364 ti’n’
186 2318 300 2367 cohiberet
309 2334 336 2365 nc
350 2327 462 2381 premeret
472 2333 552 2365 sensus
562 2333 616 2365 suot
626 2316 736 2365 Tiberius.
753 2314 788 2363 Iis

113 2382 249 2444 hnudlnlins
264 2384 370 2431 intentior
385 2383 489 2446 populus,
505 2384 555 2445 plus
571 2384 611 2429 sibi
627 2383 649 2427 in
665 2382 787 2443 principem

114 2448 219 2495 ,occultse
229 2450 292 2496 vocis
303 2455 343 2495 out
353 2449 474 2509 suspicacis
481 2448 563 2495 silentii
573 2447 681 2509 permisit

114 2540 118 2546 ·
154 2509 216 2559 XIL
232 2512 282 2559 Die
291 2513 382 2560 senstils
393 2511 473 2562 Cesar
488 2513 612 2559 orationem
627 2511 704 2558 habuit
714 2509 785 2556 medi·

121 2583 171 2623 tntu
186 2583 377 2639 temperamento:
397 2577 473 2625 Petris
486 2578 520 2623 sui
536 2578 636 2638 legatum
651 2584 717 2636 atquo
730 2573 787 2620 nmi-

114 2656 176 2707 ⁸cunr
184 2639 294 2711 Pisonem
300 2642 377 2701 inisse,
387 2643 557 2708 adjutoremque
566 2641 702 2692 Germanico
711 2638 788 2685 orum
