1842 2909
163 94 196 135 so
258 82 451 133 usnemun
467 81 670 131 mserum
702 64 825 129 uenis

162 218 243 279 quippe
251 214 294 261 illis
300 216 368 261 etiarn
374 216 475 261 benene
481 214 565 259 morfia
571 228 642 269 usus3
658 212 695 259 bis
701 212 827 274 inglorium

164 282 264 330 exitium.
296 278 349 325 Lux
368 278 464 325 reddidit
480 286 576 334 terram3
591 285 782 340 penetratumque
801 278 828 323 ad

164 360 253 393 amnem
271 344 401 405 Unsingim‚
418 359 466 403 quo
481 342 561 391 Cur
574 344 647 389 classe
659 342 826 389 mutenderat:

163 411 275 471 impositae
286 410 365 455 deinde
375 409 484 471 legiones,
495 416 594 468 sag-nte
607 405 669 453 fami
680 408 826 453 submersas:

164 490 206 522 nec
221 474 277 521 fides
290 474 375 527 salutis,
392 480 513 533 antequam
527 470 642 520 Ceam
656 473 832 533 exercitumque

161 540 266 586 mdueem
276 536 360 585 vidire.
738 570 741 575 .

197 601 293 650 LXXI.
308 602 362 649 Jarn
377 602 506 654 Stertinius,
519 602 549 648 ad
563 601 718 663 sedpimdum
729 601 755 645 in
766 600 832 647 dedi-

165 669 249 715 tionem
265 668 414 728 Segimemm
423 665 515 713 fratrem
524 667 633 727 Segestis,
643 665 784 726 praemissas,
795 666 832 724 ip·

165 748 215 781 sum
226 741 250 779 et
259 731 330 777 filium
337 732 386 792 ejus
399 732 422 775 in
433 732 547 777 civitatem
557 730 667 777 Ubiorum
674 730 830 791 perduxmat:

166 798 218 843 data
234 797 323 853 utrique
345 795 428 849 venis;
452 794 518 841 facile
539 796 665 856 Segim
683 794 834 849 cunctantius

165 861 226 907 tillo:
245 860 298 919 quia
314 858 417 912 Quintilii
429 857 486 905 Vari
498 874 579 920 corpus
593 860 690 905 illusisse
706 858 835 903 dicebatur.

168 924 283 974 Ceterum
299 924 327 969 ad
346 923 469 985 supplenda
485 925 598 969 exmoitrls
614 923 696 969 damna
710 920 834 968 curavere

168 990 258 1044 Galliae,
278 988 403 1051 Hispaniae,
426 985 506 1045 Italia3
527 989 590 1047 quod
607 988 687 1047 cuique
704 992 834 1047 promtum,

167 1070 235 1117 erma,
257 1070 334 1115 equos,
355 1068 441 1106 surum,
463 1052 598 1099 offerentes:
619 1066 715 1112 quorum
737 1052 835 1097 laudato

167 1120 241 1167 studio
257 1119 414 1171 Germanicus
430 1118 498 1163 armis
510 1118 579 1163 modo
592 1123 618 1163 et
631 1117 695 1177 equis
704 1116 735 1161 ad
745 1116 834 1163 bellium

169 1186 255 1238 sumtis,
266 1180 355 1244 proprii
370 1180 466 1242 pecunid
475 1181 570 1227 militem
582 1182 656 1244 jusit:
676 1187 747 1241 utque
758 1180 835 1227 eladis

167 1249 298 1297 mernorisrn
308 1248 376 1293 etism
386 1247 492 1293 comitate
501 1246 587 1300 leniret,
597 1245 716 1292 circumire
732 1247 836 1309 saueius,

168 1314 228 1360 farm
243 1310 383 1372 singulorum
400 1311 522 1366 extollere3
539 1311 633 1358 vulnera
648 1311 748 1362 intuens.
759 1310 833 1356 aliurn

169 1392 215 1439 spe,
224 1374 383 1487 diffini,
393 1383 488 1423 cunctos
496 1374 595 1437 alloquio
604 1383 629 1423 et
637 1373 699 1429 curi,
709 1374 799 1435 sibique
809 1381 835 1420 et

228 1442 249 1487 ἰο
349 1448 365 1487 t.
745 1478 749 1481 .

169 1442 313 1553 &dlxxii
330 1504 430 1552 Decreta
436 1521 465 1551 eo
474 1518 536 1553 curm
541 1504 683 1565 triumphalis
692 1504 794 1565 insignia
802 1502 835 1550 A.

172 1572 278 1625 Caeoime
297 1569 442 1631 LApronio,
461 1568 560 1623 esino,
574 1570 604 1615 ob
616 1584 653 1615 res
666 1584 719 1615 cnm
732 1569 835 1617 Germa·

169 1639 221 1683 nico
231 1645 314 1697 gestas.
346 1634 439 1681 Nomen
456 1634 531 1681 Patris
544 1635 623 1695 patriae
633 1632 745 1686 itherius,
761 1649 776 1680 a
789 1648 836 1695 po-

169 1701 223 1763 pulo
234 1701 317 1761 saepius
327 1701 447 1760 ingestum,
458 1700 597 1761 reprsdisvit;
612 1714 686 1759 noque
696 1700 721 1743 in
729 1706 781 1744 scta
791 1713 836 1744 sua

167 1766 244 1829 jurari,
255 1778 389 1824 quamquam
400 1770 600 1815 censentesenabr,
608 1763 720 1824 permisit:
741 1760 835 1811 Cuncta

170 1830 298 1877 mortalium
317 1830 415 1882 inc-ertu
435 1834 564 1886 quantoque
580 1826 632 1887 plus
650 1827 744 1889 adeptus
765 1827 834 1882 soret,

169 1902 233 1943 tanto
245 1910 270 1941 se
279 1894 352 1955 magis
362 1893 385 1938 in
396 1894 481 1939 lubrico
491 1891 602 1937 dictitsm.
626 1890 682 1938 Non
692 1898 771 1938 tamen
781 1892 835 1937 ideo

169 1959 265 2007 iaciebat
279 1958 346 2005 fidem
363 1957 435 2003 civilis
450 1956 532 2003 inimi:
551 1970 603 2001 narn
619 1955 695 2017 legem
706 1957 834 2018 majmtstis

172 2026 304 2080 reduxerim
321 2023 357 2069 cui
366 2036 447 2067 nornen
458 2020 518 2082 apud
527 2021 689 2074 veteresidem,
702 2021 743 2066 sed
753 2021 797 2067 alis
807 2022 833 2067 in

168 2090 279 2153 judicium
297 2088 428 2133 veniebant:
448 2086 468 2131 si
486 2085 536 2145 quis
554 2085 680 2145 proditione
697 2086 833 2139 exercitum,

172 2161 211 2202 snt
224 2154 311 2215 plebem
332 2150 483 2201 seditionibus,
503 2149 599 2209 deniqne
611 2150 671 2195 male
683 2148 751 2211 gesti
765 2165 833 2211 repn-

101 2268 103 2274 p
172 2215 231 2266 blicis
239 2218 377 2278 majestatem
388 2214 464 2275 populi
472 2213 571 2261 Romam
581 2214 713 2260 minuisset:
723 2213 785 2260 iacta
795 2230 833 2261 ar·

172 2283 311 2347 guebantur;
328 2280 387 2326 dicta
398 2280 488 2339 impune
502 2287 574 2325 erant.
605 2276 697 2325 Primus
711 2279 835 2340 Angustus

170 2348 322 2409 coguitionem
330 2345 357 2390 de
363 2344 456 2389 famosis
465 2344 551 2397 libellis,
559 2343 633 2403 specie
640 2343 699 2403 legis
705 2344 761 2405 ejus,
774 2353 834 2389 trac-

95 2436 100 2447 .
170 2412 234 2463 tavit,
246 2416 372 2457 commotus
383 2406 456 2455 Cassii
468 2408 546 2453 Severi
556 2407 654 2460 libidine,
669 2404 715 2465 quis
725 2408 788 2453 viros
798 2408 833 2455 fe-

159 2476 288 2533 minasque
305 2474 402 2519 illustres
418 2472 547 2530 procacibus
562 2473 650 2532 scriptis
663 2471 831 2519 diffamaverat:

172 2553 227 2585 mox
237 2537 347 2589 Tiberius,
358 2534 500 2581 consultante
511 2535 619 2597 Pompeio
627 2536 716 2590 Macro,
726 2537 832 2595 praetore',

172 2616 200 2649 an
214 2602 300 2664 judicie
310 2600 431 2663 majestatis
448 2598 606 2649 redderentur?
623 2600 761 2648 exercendas
770 2599 835 2663 leges
