1842 2909
93 164 115 205 J.
125 166 151 205 c.
162 170 194 207 ιι,
249 162 440 215 ANNALIUM
456 162 537 211 LrsI.
554 162 659 213 Canii.
723 166 755 213 25

94 290 167 341 terflci
176 294 323 349 centuriones,
334 294 383 357 ejici
394 296 501 349 tribunos,
511 294 595 341 includi
603 296 705 356 legatosz
719 296 756 339 iu·

93 357 155 406 secta
176 360 286 421 sanguine
307 366 384 413 castra,
406 359 514 406 flumina:
533 374 613 420 meque
633 360 755 422 precariarum

92 423 192 471 animam
201 424 259 470 inter
268 422 368 470 infensos
377 423 482 471 trahere?

110 485 225 533 ·-XL11L
242 486 312 535 “Cur
322 489 389 542 enim,
403 489 476 549 primo
490 488 604 535 concionis
618 488 660 543 die,
671 487 755 534 ferrum

91 552 156 605 illud,
168 552 228 611 quorl
235 553 319 613 pectori
329 566 380 598 meo
390 551 485 615 infigere
492 553 601 613 parabam,
610 552 755 599 detraxistis?

92 618 117 665 Ο
126 617 244 678 improvidi
255 616 333 664 amici!
351 616 431 662 mellus
442 624 465 663 et
476 619 586 663 amantirrs
595 618 640 671 ille,
651 619 690 679 qui
703 618 754 679 g'ls·

92 683 157 729 dlum
169 680 280 727 offerebat
314 678 450 729 Cecidissem
461 689 523 728 certe
533 682 632 728 nondum
642 690 677 730 tot
688 682 755 743 litgi-

92 749 179 795 tiorum
198 746 305 793 exercitui
322 760 373 793 meo
395 747 512 793 conscius:
538 746 651 808 legissetis
666 747 755 803 ducem,

92 813 134 873 qui
145 824 219 857 meam
230 810 318 871 quidem
335 817 429 857 mortem
447 811 579 872 impunitam
594 812 682 866 sineru,
698 810 756 857 Vari

93 876 284 923 tamenettriunr
294 874 409 937 legionum
421 874 570 923 uchsceretur.
602 875 756 937 Nequeenim

92 942 126 989 dii
146 941 229 995 sinaut,
253 946 278 986 ut
299 940 429 1003 Belgarum,
451 955 590 1001 quemquam
607 940 755 995 offerentium,

93 1006 166 1052 decus
177 1004 236 1051 istud
247 1012 270 1051 et
280 1004 388 1051 claritudo
399 1005 434 1059 sit,
451 1006 581 1052 subvenisse
591 1004 696 1052 Romano
711 1010 755 1051 'no-

90 1070 156 1123 mini,
174 1070 332 1131 compressisse
346 1069 477 1117 Germanis
489 1069 608 1131 populosi·
632 1068 689 1123 Tua,
705 1070 758 1115 dise

93 1136 209 1195 Auguste,
216 1134 274 1181 coelo
282 1140 371 1196 recepta
378 1148 448 1189 mens,
457 1141 572 1195 mapater
580 1131 678 1187 Druse,
671 1148 756 1194 imago,

92 1199 129 1245 tui
145 1199 258 1253 memoria,
278 1199 355 1246 iisdem
374 1199 423 1245 istis
438 1214 490 1245 cum
505 1198 618 1250 militibus,
636 1212 693 1273 quos
706 1199 755 1260 iarn

92 1263 168 1324 pudor
179 1270 202 1309 et
211 1262 285 1325 glorrs
291 1263 365 1318 intrat,
376 1262 452 1310 eluant
466 1264 524 1309 benc
534 1262 758 1323 maritimumque

92 1327 198 1373 civiles'
193 1342 216 1375 ιιι
235 1328 328 1374 exitium
347 1328 446 1375 hostibus
464 1334 559 1375 vertant.
592 1326 642 1373 Vos
659 1342 755 1388 quoque,

92 1406 191 1453 quorum
202 1392 245 1439 niis
255 1406 316 1439 nunc
327 1406 372 1446 cra,
384 1392 426 1439 clio
435 1399 527 1453 pectora
537 1397 650 1446 contueor,
662 1406 681 1438 ιι
674 1392 755 1453 lega·

94 1464 134 1501 tos
145 1456 238 1510 senatui,
251 1457 380 1517 obsequium
395 1458 529 1517 imperatori,
541 1457 560 1502 si
570 1456 625 1502 mibi
635 1458 755 1518 conjugem

92 1527 118 1567 ct
134 1518 206 1567 iillum
223 1520 319 1575 redditis,
340 1521 475 1567 disceditea
493 1526 606 1576 contactu,
622 1536 648 1566 se
664 1520 757 1567 dividite

94 1584 208 1631 turbidos·
227 1584 251 1630 id
268 1584 384 1632 stabilead
396 1585 559 1680 prenitentiam,
575 1586 599 1631 id
613 1584 696 1631 ildei
675 1599 756 1631 vincu-

94 1648 144 1695 lum
155 1646 223 1695 erit.”

93 1712 223 1761 XLIV.
241 1713 356 1776 Supplices
372 1714 400 1759 ad
413 1714 472 1777 baec,
486 1721 510 1761 et
519 1728 574 1760 vera
583 1714 710 1775 exprobrari
719 1712 755 1760 Ia·

94 1784 178 1831 tentes,
190 1778 288 1833 orsbcnt,
302 1779 391 1841 puniret
401 1779 488 1831 noxios,
504 1780 632 1840 ignosceret
641 1779 717 1839 lapsis,
731 1785 756 1825 et

94 1842 201 1889 duceret
195 1857 219 1888 m
226 1844 326 1889 hostem
347 1849 488 1890 revocaretur
495 1842 756 1905 conpumedrretIegro-

94 1921 152 1953 num
163 1906 273 1961 alumnus,
293 1923 350 1955 nere
360 1908 425 1955 obses
437 1907 510 1954 GaIIs
520 1908 651 1954 truderetur.
683 1906 756 1953 Redi-

11 1996 20 2011 e
93 1978 145 2017 tum
157 1970 290 2033 Agrippinae
298 1974 421 2029 excusavit,
431 1974 460 2019 cb
470 1973 624 2019 imminentem
633 1977 722 2032 partum
732 1978 757 2024 et

93 2035 207 2082 blemem:
227 2046 347 2082 venturum
358 2036 441 2083 lilium:
461 2043 544 2083 enters
556 2036 599 2097 ipsi
607 2049 756 2095 exsequeren-

93 2106 140 2148 rur.
172 2098 310 2147 Discurrunt
319 2102 405 2155 mutati,
417 2110 440 2147 et
447 2100 638 2147 seditiosissimum
646 2114 758 2160 quemque

93 2164 185 2211 vinctos
202 2166 294 2212 trabunt
308 2166 335 2211 ad
351 2165 451 2227 legatum
465 2164 560 2226 legionis
574 2164 660 2225 primae,
674 2161 755 2211 C-Ce-
805 2175 808 2180 ·
863 2157 866 2166 “

95 2229 203 2283 trcnIum,
218 2230 256 2291 qui
269 2229 379 2291 juditium
395 2237 418 2275 et
428 2244 507 2290 poenss
518 2229 546 2275 de
556 2228 684 2290 singulitin
695 2228 756 2274 bunc

93 2292 188 2339 modum
196 2294 304 2339 exercuit.
329 2294 422 2340 Stabant
433 2310 473 2356 pro
484 2293 705 2355 concionelegiones,
712 2292 755 2338 'de-

93 2358 179 2405 strictIs
189 2358 282 2419 gladiis.
294 2373 346 2405 reus
355 2359 380 2404 in
391 2365 501 2419 suggestu
508 2374 548 2419 per
558 2358 671 2404 tribunum
678 2361 756 2404 osten·

94 2420 200 2467 debetur:
220 2423 239 2468 si
251 2429 368 2469 nocentem
383 2422 565 2476 acclamaverant,
581 2436 681 2484 praeceps
690 2421 757 2467 datus

95 2485 260 2533 trucidabatur.
280 2494 303 2533 et
320 2487 430 2549 gaudebat
446 2485 543 2532 cedibus
558 2486 631 2539 miles,
641 2492 755 2544 tnmqusm

95 2556 168 2597 semet
178 2551 315 2598 absolveret:
334 2566 376 2597 nec
388 2549 467 2600 Caessr
476 2551 571 2605 arcebat,
585 2550 681 2610 quando,
693 2548 756 2594 nullo

96 2614 165 2675 ipsius
175 2616 249 2676 jussu,
266 2631 334 2678 penes
351 2617 441 2663 eosdem
459 2615 547 2662 saevitia
566 2614 620 2661 Iscti
635 2622 659 2659 et
672 2611 756 2671 invidis

93 2684 148 2725 etat·
180 2679 257 2730 Seeuti
274 2680 402 2743 exemplum
419 2681 528 2735 veterani,
540 2679 601 2728 baud
618 2678 690 2725 multo
704 2679 756 2737 post

126 2756 177 2795 VQL.
188 2757 206 2792 1·
546 2757 564 2790 D
