1842 2909
161 146 209 189 14⁴
240 137 430 188 ANNALIUM
446 134 673 187 Lamecum.
705 140 822 188 itum.

159 272 229 318 exitio
251 276 369 331 repertum,
391 268 508 329 etpoerds
530 267 620 328 quidem
636 281 750 329 nunquam
765 268 827 315 satis»

159 336 287 387 oodrcitum,
298 348 340 394 per
347 333 441 393 praemia
447 332 599 379 eliciebantur.
823 365 827 375 ἢ

191 396 289 445 XXXI.
306 396 352 443 His
359 405 406 443 tam
416 396 517 451 assiduis,
529 396 718 456 temquemoestis,
729 398 820 445 modica

158 464 236 511 iustitis
246 462 382 523 interjicitur,
394 462 454 521 quod
466 458 495 508 C·
503 458 640 513 Cominium,
657 462 754 521 equitem
766 460 827 509 Ito:

157 542 255 579 menum,
271 526 372 589 probrosi
387 526 411 571 in
427 540 452 571 se
467 525 571 571 carminis
585 526 721 579 convictum,
738 524 825 573 caesar:

156 592 259 654 precibus
277 589 357 651 fqatris,
377 590 414 650 qui
431 595 522 636 senator
540 596 594 644 erat,
612 590 729 637 concessit
764 589 826 643 Quin.

156 657 230 717 magis
239 656 321 701 minum
335 655 460 709 habebatur,
477 669 573 715 gnarum
585 654 710 708 meliorum,
727 662 751 700 et
766 670 819 715 quae

156 720 216 769 fama
226 720 366 766 clementiam
377 726 515 777 sequeretur,
532 719 630 765 tristiora
643 718 724 765 malle:
745 720 826 779 neque'

157 786 216 832 entim
234 781 333 831 socordld
348 783 465 844 peccabat3
484 798 525 828 nec
541 783 653 829 occultum
670 790 711 836 est,
728 784 819 843 quando

157 862 187 902 ex
198 849 297 900 veritate,
312 847 401 908 quaudo
411 844 541 893 adumbrati
550 846 635 903 letitie,
651 846 711 893 facta
721 848 817 908 impers-

157 921 231 960 turum
237 913 384 959 celebrentur:
398 912 509 972 quinipse,
517 913 654 973 compositus
659 912 718 965 elias,
727 912 819 959 etvelut

156 978 301 1026 eluctantium
309 976 435 1029 verborum,
450 976 544 1023 solutius
560 978 713 1037 promtiusque
723 976 825 1036 doque·-

157 1043 227 1097 batur,
243 1041 330 1103 quoties
345 1040 479 1087 subveniret.
513 1040 547 1087 At
564 1038 591 1087 P.
600 1041 701 1095 Suilium,
716 1048 817 1099 quaesto·

157 1122 205 1153 rem
216 1106 327 1168 quondam
340 1104 476 1159 Germanici,
492 1120 543 1151 cum
555 1103 621 1151 Italici
630 1112 748 1160 arceretur,
761 1120 825 1151 con--

157 1170 236 1225 victus,
253 1171 369 1231 pecuniam
385 1170 414 1216 ob
430 1184 477 1215 rem
486 1169 629 1231 judicandam
642 1170 733 1231 cepisse,
753 1184 824 1216 amo·.

157 1236 254 1284 rendum
265 1236 288 1280 in
300 1234 395 1280 insulam
406 1234 499 1287 censuit,
512 1234 575 1279 tanti
586 1234 730 1279 contentione
739 1234 817 1289 animi,

155 1306 182 1347 ut
198 1307 222 1345 et
232 1298 329 1361 jurando
343 1298 498 1358 obstringeret,
515 1312 529 1341 e
540 1298 615 1357 repub.
625 1298 647 1343 id
658 1313 714 1344 esse.
747 1296 822 1351 Quod

157 1378 235 1424 erpere
246 1369 360 1422 acceptum
376 1361 404 1406 ed
418 1374 526 1421 praesens,
543 1375 597 1406 mox
607 1362 631 1406 in
641 1360 730 1407 leudem
741 1363 817 1417 vertit,

1 1405 2 1412 ἵ
73 1451 78 1457 ·
157 1442 261 1488 regresso
273 1425 355 1473 Suilio:
375 1440 442 1485 quern
452 1424 509 1470 vidit
520 1439 615 1485 sequens
626 1432 818 1487 aetsspraepoten·

158 1500 211 1545 tem,
227 1491 335 1543 venalem,
348 1496 371 1535 et
382 1486 471 1536 Claudii
481 1489 586 1551 principis
597 1489 693 1535 amicitid
704 1490 741 1536 diu
751 1506 818 1552 pros-

157 1572 218 1620 pere,
234 1569 347 1615 nunquam
362 1554 425 1607 bene,
441 1568 515 1599 usum.
547 1552 633 1599 Esdem
648 1568 716 1615 poena
729 1555 753 1600 in
768 1554 816 1603 Ca-

157 1629 205 1669 tum
225 1619 334 1667 Firmium
351 1624 477 1664 senatorem
494 1617 605 1672 statuitur,
622 1625 735 1679 tamquam
754 1619 819 1667 soleis

156 1686 279 1747 majestatis
289 1683 416 1729 criminibus
427 1696 526 1727 sororem
540 1682 661 1743 petivisset.
695 1681 774 1738 Catus,
792 1690 819 1731 ut

156 1750 230 1802 retuli,
242 1747 351 1794 Libonem
362 1747 464 1792 illexerat
470 1746 560 1801 insidiis,
573 1746 658 1799 deinde,
670 1748 751 1793 iudicio
764 1764 817 1809 per·

156 1814 255 1863 culerat:
274 1814 323 1873 ejus
335 1826 410 1872 operae
419 1825 507 1857 memor
517 1808 626 1865 Tiberius,
644 1812 683 1865 sed
699 1812 742 1858 elia
754 1828 818 1874 prae·

157 1879 258 1932 tendens,
274 1876 377 1923 exsilium
388 1876 518 1937 deprecatus
529 1883 577 1932 est;
594 1876 725 1935 quominus
736 1884 818 1925 senatu

155 1943 281 2008 pelleretur,
292 1956 338 1987 nou
348 1940 440 1987 obstitit

189 2004 301 2054 XXXII.
319 2004 429 2064 Pleraque
439 2018 523 2058 eorum,
535 2019 586 2064 quae
596 2004 663 2060 retuli
673 2020 770 2065 quaeque
780 2022 822 2053 rem

154 2072 232 2125 feram,
250 2085 318 2131 parva
326 2069 420 2116 forsitan
435 2075 459 2115 et
472 2068 530 2115 levia
536 2080 664 2115 ‚memoratu
674 2070 751 2123 videri,
769 2086 821 2118 non

156 2137 245 2183 nescius
256 2150 320 2181 sum:
339 2134 379 2179 aed
390 2148 456 2179 nemo
467 2132 571 2186 Annum,
581 2142 670 2180 nostros
681 2149 733 2179 cum
744 2136 821 2197 scrip-

156 2198 208 2248 turi
217 2214 294 2245 eorum
309 2198 455 2251 contenderit,
471 2198 509 2256 qui
525 2206 612 2244 veteres
626 2198 701 2259 populi
714 2198 817 2247 Romani

156 2273 193 2311 res
207 2260 360 2324 composuere.
392 2259 498 2323 lugentia
512 2261 543 2307 illi
557 2262 621 2317 belle,
635 2265 819 2323 expugnationes

156 2330 251 2387 urbium,
267 2327 330 2380 susos
345 2333 466 2387 captosque
483 2340 554 2387 reges.
577 2333 622 2381 aut,
640 2327 659 2373 ai
677 2329 766 2387 quando
787 2330 817 2377 ad

154 2394 242 2439 interna
254 2396 418 2452 praeverterent,
435 2390 555 2437 discordias
566 2392 683 2437 consulum
693 2391 815 2441 adversum

155 2456 263 2507 tribunos,
285 2454 382 2513 agrarias
400 2452 599 2515 frumentariasque
616 2456 684 2517 leges,
702 2456 774 2516 plebis
791 2458 818 2505 et

154 2517 818 2646 {titiltttlltlli‘ttt“'⁸l,ttl⁰,tl·¹,;t

154 2656 193 2705 aut
203 2644 290 2719 quice
299 2642 402 2702 lacessita
410 2658 462 2718 pus,
473 2652 562 2715 meestae
577 2645 646 2701 Urbis
654 2663 697 2703 res,
712 2655 737 2695 et
749 2650 818 2711 prin}
829 2698 844 2707 „
