1842 2909
95 95 195 135 J.c.14.
244 90 439 149 ,ANNALIUM
456 89 614 141 nutent.
626 96 664 141 18.
744 97 761 141 9

98 223 188 279 classes,
205 238 281 285 regna,
297 222 426 285 provinciae,
443 222 532 276 tributu,
548 230 587 269 aut
598 222 721 284 veetigslia,
736 228 762 267 et

98 290 243 335 necessitates
260 304 286 335 sc
305 288 451 349 largitionem
469 302 520 347 quse
538 285 625 334 cuneta¹
636 286 677 333 auti
692 301 762 333 manu

59 388 62 393 .
97 353 256 415 perscripserat
267 353 397 414 Augustus:
417 352 574 412 addideratque
586 352 704 408 canalium
721 366 760 397 co·

98 416 189 463 iircendi
205 417 264 464 intro
278 418 385 464 terminos
400 417 494 478 imperii,
510 417 627 471 inceium.
643 424 712 470 metu,
732 428 761 462 an

98 496 140 543 per
151 482 265 541 insidiam.

132 544 193 591 XII.
208 544 272 593 Inter
289 562 340 605 quse
357 553 437 593 senatu
456 546 484 591 ad
501 544 588 592 infimas
602 545 761 593 obtestationes

98 611 267 673 procumbente,
285 612 341 658 dixit
356 610 416 657 sorte
432 608 543 664 Tiberius,
560 625 592 665 se,
611 618 637 656 ut
655 625 701 657 non
719 610 762 655 toti

100 676 228 737 reipublicae
239 688 322 738 parem.
334 678 371 729 itu,
382 690 529 737 quaecumque
537 690 588 736 pars
596 674 637 721 sibi
644 674 761 721 mandare-

100 747 144 792 tur,
154 742 202 802 ejus
210 741 302 787 tutelam
312 748 474 801 suscepturum.
500 738 562 786 Tum
571 739 664 787 risimus
673 738 762 792 Gallus,

100 802 266 867 “Interrogo,”
274 806 351 865 inquit,
361 803 465 859 “Caessr,
472 813 628 865 quampartem
635 803 762 864 reipublmae

103 870 204 915 mandari
216 870 254 917 tibi
265 868 355 916 velisi”
378 868 500 916 Perculsus
507 867 629 929 improvisi
637 868 762 928 interroga·

102 934 171 987 tione,
182 934 273 993 paulum
285 934 383 979 reticuit:
403 934 461 985 dein,
474 934 569 979 collecto
575 933 656 986 animo,
668 946 762 993 respon·

101 998 148 1045 dit:
168 996 317 1058 Nequaquam
328 998 434 1043 decorum
445 998 525 1059 pudori
536 1011 584 1051 auo,
595 996 671 1057 legere
680 994 765 1056 ailquid

102 1070 141 1109 sut
151 1063 236 1109 evitare
247 1077 276 1107 ex
287 1078 321 1115 eo,
338 1063 374 1108 cui
388 1063 412 1107 in
428 1062 559 1107 universum
569 1061 670 1106 excusari
681 1060 767 1107 mallet·

100 1126 202 1173 Rursum
215 1126 296 1173 Gallus
312 1127 406 1189 (etenim
417 1125 482 1173 vultu
493 1123 638 1171 offensionem
650 1126 763 1187 conJ‘ects·
816 1158 821 1165 -

102 1189 177 1251 reret)
195 1203 242 1237 non
261 1190 342 1237 idcirco
359 1192 530 1251 interrogatum,
553 1190 590 1243 sit,
607 1195 632 1235 ut
650 1188 767 1245 divideret,

103 1270 154 1315 quae
170 1256 268 1317 separari
279 1256 408 1315 nequirent3
425 1254 466 1301 sed
479 1260 505 1301 ut
519 1252 560 1299 sud
572 1252 714 1300 confessione
728 1268 765 1299 ar·

102 1326 217 1381 gueretur,
235 1334 302 1366 unum
315 1334 365 1366 esse
378 1319 505 1381 reipublice
517 1334 605 1381 corpus,
621 1326 688 1380 stque
699 1319 766 1365 unius

102 1384 179 1431 animo
191 1385 321 1445 regendum.
340 1404 342 1411 >
353 1383 446 1433 Addidit
455 1383 544 1431 undem
554 1384 583 1430 de
593 1383 707 1445 Augusto,
724 1381 766 1429 Tr-

103 1448 235 1508 beriumque
251 1450 324 1509 ipsam
342 1450 486 1495 victoriarum
507 1463 604 1503 suarum,
626 1462 722 1509 queque
742 1448 767 1493 in

57 1559 64 1573 ,
104 1511 160 1575 togis
170 1528 210 1574 per
226 1520 261 1559 tot
270 1529 341 1561 annos
352 1515 443 1575 egregie
453 1512 549 1567 fecisset,
560 1513 683 1559 mmonuit.
714 1510 767 1557 Nec

104 1578 155 1623 ideo
178 1578 234 1625 iram
255 1579 303 1640 ejus
325 1578 409 1633 lenivit,
431 1577 517 1638 pridem
538 1578 632 1632 invisus,
654 1584 767 1637 tamquam

106 1640 187 1705 (ducti
202 1644 226 1690 In
239 1643 405 1693 matrimonium
417 1639 532 1701 Vipsanisi,
550 1641 586 1687 M.
596 1641 704 1702 Agrippae
715 1638 768 1694 filit,

106 1722 157 1767 quae
168 1709 281 1767 quondam
295 1706 378 1753 Tiberii
390 1721 446 1752 uxor
457 1704 540 1765 fuerat)
557 1706 607 1767 plus
617 1720 684 1767 quam
694 1705 769 1751 civssia

106 1772 209 1833 agitaret,
233 1770 386 1831 Pollionisque
404 1770 479 1817 Asinii
500 1771 569 1832 pstris
586 1770 691 1818 ferocium
714 1769 768 1815 reti·

107 1843 178 1882 neret.
731 1860 734 1864 >

139 1898 215 1947 XIII.
232 1898 289 1947 Post
299 1914 350 1961 quae
361 1898 390 1947 L.
399 1898 528 1955 Arruntius,
545 1899 606 1945 haud
615 1898 710 1945 multum
722 1898 770 1943 dis·

107 1965 290 2027 orepansaGnlli
298 1965 404 2018 oratione,
412 1965 503 2025 perinde
511 1963 617 2019 offendit;
633 1976 769 2023 quamquam

106 2024 198 2075 Tiberio
210 2029 271 2075 nulla
281 2036 346 2075 vetus
361 2030 384 2075 in
402 2029 535 2075 ArruntIum
549 2028 596 2084 ira3
614 2029 653 2073 sed
669 2028 769 2080 divitem,

106 2101 228 2155 promtum,
244 2095 327 2140 artibus
343 2094 441 2155 egregiis
451 2101 475 2139 et
485 2093 532 2155 pari
546 2090 607 2137 fami
621 2091 717 2153 publice,
731 2106 769 2137 sss-

106 2159 228 2219 spectabat.
262 2156 353 2219 Quippe
368 2158 488 2219 Augustus
504 2157 613 2219 supremis
631 2157 771 2205 sermonibus

106 2237 159 2269 cum
170 2229 283 2275 tractaret,
300 2225 389 2283 quinem
401 2222 492 2283 adipisci
502 2222 625 2283 principem
636 2222 711 2267 locum
722 2220 769 2267 suf-

104 2286 186 2333 fecturi
198 2288 327 2341 abnuerent,
339 2294 378 2333 sut
388 2287 485 2347 impares
494 2286 585 2341 veilent,
596 2287 634 2333 vel
641 2286 709 2332 iidem
719 2300 771 2346 pos·

108 2360 160 2398 sent
171 2358 329 2413 cuperentque,
341 2350 378 2398 Μ.
386 2348 497 2411 lepidum
508 2349 594 2397 dixerat
604 2364 713 2411 capacem,
731 2348 772 2395 sed

106 2417 294 2477 adsperuuutemj
312 2415 405 2463 Gallum
422 2413 527 2460 Asinium
546 2415 643 2469 aridum,
660 2421 683 2459 et
696 2413 771 2458 mino·

106 2496 169 2537 rem;
188 2480 218 2527 L.
226 2481 360 2527 Armntium
373 2494 418 2525 non
432 2479 558 2541 indignum,
575 2486 604 2533 et,
621 2482 640 2523 si
655 2492 720 2523 casus
731 2476 770 2520 ds-

105 2554 174 2599 retur,
185 2559 300 2592 ausurum.
333 2542 372 2589 De
382 2543 492 2605 prioribus
503 2544 656 2589 consentitur:
674 2556 715 2602 pro
725 2539 771 2583 Ar·

106 2612 183 2657 mutio
201 2610 292 2671 quidam
312 2606 357 2657 Cn.
368 2604 475 2655 Pisonem
494 2604 617 2653 tradidere:
642 2613 773 2675 omnesque»
